2967 4917
198 1433 387 1563 Postquam
410 1484 457 1543 tot
479 1481 625 1562 tantique
648 1481 711 1543 viri
735 1500 787 1543 res
816 1480 857 1543 ad
880 1482 1061 1563 equitatum
1085 1484 1157 1546 atti-

90 1608 163 1651 oum
189 1590 368 1670 spectantes
392 1586 443 1649 vel
468 1588 635 1649 universas
658 1584 710 1649 vel
734 1604 776 1648 ex
798 1590 887 1668 purte
910 1586 1155 1666 traettwerunth

91 1697 117 1757 si
140 1713 201 1777 ego
225 1712 356 1775 quoque
381 1692 419 1755 de
442 1693 503 1755 hao
526 1712 560 1755 re
596 1692 753 1756 disserere
786 1693 867 1754 mihi
898 1695 1061 1775 proposui,
1095 1694 1157 1757 hoe

90 1803 118 1863 ei
141 1801 190 1864 rei
214 1798 424 1862 tribuendum
448 1804 505 1876 est,
530 1799 616 1881 quod
639 1800 724 1862 inter
746 1818 800 1861 eas
817 1798 1061 1882 disputationes,
1085 1802 1156 1882 qui·

89 1907 148 1971 bus
173 1912 268 1987 totae,
292 1924 374 1987 quae
398 1904 438 1967 ad
463 1907 585 1987 equites
609 1906 779 1988 pertinent,
800 1924 852 1968 res
871 1910 1059 1987 tractantur,
1081 1892 1155 1969 nul·

87 2014 151 2076 lani
175 2012 285 2077 adhue
307 2012 428 2088 inveni,
454 2032 518 2094 qua
541 2013 600 2075 toti
623 2013 776 2074 materiae
798 2030 931 2094 prorsus
955 2013 1155 2076 satisfactum

88 2136 239 2201 quaeque
284 2119 330 2181 ita
374 2118 478 2183 divisa
510 2120 560 2198 sit,
603 2124 639 2180 ut
679 2118 824 2200 siugulas
863 2123 971 2201 partes
1014 2119 1155 2182 dilucide

89 2244 274 2308 cognoscas.

610 2364 634 2429 I.

384 2510 427 2577 ne
451 2525 584 2577 munere
608 2502 847 2594 ἱπποτροφίας.

195 2631 259 2707 Qui
282 2635 370 2696 oives
393 2633 608 2697 Athenienses
642 2632 742 2695 coacti
776 2632 850 2707 siut,
884 2649 969 2713 equo
993 2631 1152 2713 stipendia

84 2739 200 2822 faeere,
224 2758 289 2803 non
313 2740 408 2822 plane
424 2744 557 2820 constat,
580 2739 636 2802 sed
660 2757 727 2801 uno
749 2738 820 2800 loeo
836 2736 1062 2819 Xenophontis
1084 2739 1155 2801 veri

86 2847 192 2910 simile
217 2850 274 2927 est,
298 2846 406 2908 nullos
430 2847 494 2908 nisi
516 2845 742 2928 locupletiores
771 2846 857 2907 cives
880 2844 1095 2907 Athenienses
1118 2844 1154 2905 in
1181 2883 1185 2888 »

86 2953 233 3017 ordinem
258 2954 404 3035 equitum
427 2952 572 3015 redactos
605 2970 686 3015 esse.
732 2948 819 3012 Dicit
853 2950 939 3012 enim
969 2948 1153 3032 Xenophon

85 3096 96 3099 --
182 3096 299 3103 ..νύ-

193 3182 221 3252 1)
241 3182 371 3235 Isrehor:
390 3180 537 3250 Minnoiies
552 3181 585 3233 de
603 3178 759 3263 l’aoadiunie
773 3180 819 3231 des
837 3178 1012 3245 inscriptions
1023 3178 1153 3245 XLVIII.

84 3288 108 3337 p.
127 3272 162 3326 83
183 3287 260 3339 seqq.

192 3360 222 3413 C.
253 3358 281 3412 F.
312 3358 465 3411 Hermann:
503 3356 728 3425 I'rogymnasium
759 3357 793 3409 ad
812 3355 902 3409 Ansto
911 3355 1009 3423 phanis
1041 3354 1157 3423 Equites
1272 3403 1275 3410 .

83 3444 227 3515 Ma1·burgi
246 3448 315 3501 1835
333 3447 368 3501 II.
405 3448 446 3500 De
464 3446 600 3514 equitibus
619 3445 725 3498 Atticis.

190 3536 315 3590 Boeohh:
333 3536 385 3589 Die
403 3534 674 3602 Staatshaushaltung
692 3534 717 3586 d.
737 3534 800 3587 Ath.
819 3533 845 3585 1²
863 3549 888 3600 p.
899 3533 951 3586 351
970 3547 1042 3600 seqq.

189 3624 280 3679 Bake:
299 3623 475 3691 Mnemosyne
493 3622 561 3675 VIII
579 3622 681 3693 (1859).
701 3638 727 3689 p.
747 3623 799 3675 217
819 3636 892 3689 seqq.
905 3650 941 3661 —
959 3620 1082 3674 Soholioa
1099 3620 1151 3692 hp-

81 3716 260 3779 pomnemata
277 3714 310 3781 V,
329 3731 355 3781 p.
376 3714 427 3769 135
445 3730 520 3781 seqq.

189 3800 312 3869 Sauppe:
331 3801 488 3870 Philologus
506 3800 567 3867 XV,
587 3817 611 3868 p.
632 3801 666 3855 69
686 3814 758 3867 seqq.

189 3890 371 3960 Frohberger:
390 3891 439 3946 Ed.
458 3890 556 3959 Lysiae
575 3889 611 3948 II.
630 3906 655 3957 p.
673 3891 692 3942 4
710 3904 783 3955 seqq.
802 3885 852 3953 111,
871 3902 897 3953 p.
917 3886 933 3939 2
952 3900 1026 3953 seqq.

188 3978 336 4033 Thumser:
355 3980 396 4034 De
416 3980 517 4042 civium
535 3976 741 4031 AthenIensium
760 3973 917 4027 munenibus
935 3989 1081 4042 eorumque
1098 3973 1150 4025 ini-

79 4069 215 4122 munitate
235 4085 261 4136 p.
280 4070 315 4123 80
333 4084 406 4137 seqq.

187 4156 303 4211 Koeite:
325 4156 466 4211 Archaeol.
485 4156 550 4210 nen.
571 4155 648 4222 1880,
667 4171 692 4222 p.
713 4156 765 4208 177
784 4168 859 4221 seqq.

188 4244 306 4300 Gilbert:
325 4244 432 4300 Handb.
452 4246 477 4299 d.
496 4243 596 4314 grieoh.
616 4242 810 4298 Stoatsalterth.
829 4242 851 4315 I,
871 4258 896 4309 p.
915 4241 967 4295 305
986 4256 1061 4308 seqq.
1132 4302 1136 4310 Ι

934 4344 949 4395 1

523 4587 755 4694 536146
