2967 4917
848 468 868 530 6

320 659 462 724 'lantum
484 657 564 722 mihi
588 655 699 722 abesse
714 657 854 738 videtur,
875 661 914 721 ut
934 658 1098 742 scripserit
1111 657 1191 722 haec
1206 657 1391 742 Xenophon

321 768 499 847 immemor,
530 763 624 828 orbos
657 763 696 827 ab
732 765 821 827 omni
852 764 1057 848 liturgiarum
1085 783 1203 848 genere
1225 766 1391 829 immunes

321 872 431 954 fuisse,
453 875 491 934 ut
512 872 565 935 vel
589 891 650 935 sua
673 874 788 954 sponte
810 869 905 934 orbos
927 871 1153 954 locupletiores
1173 872 1214 934 ad
1229 890 1390 935 exornan-

324 979 380 1043 dos
413 978 611 1061 alendosque
643 978 769 1060 equites
801 978 987 1060 peregrinos
1010 996 1188 1061 eorumque
1211 997 1313 1061 equos
1334 999 1391 1062 pe-

322 1086 436 1150 cunias
451 1103 521 1150 esse
543 1086 750 1168 impensuros
766 1089 880 1168 speret,
902 1084 955 1147 vel
973 1089 1171 1148 commutare
1187 1086 1283 1148 etiam
1298 1085 1390 1148 illam

320 1194 425 1276 legem
446 1212 564 1276 parum
585 1193 706 1255 iustam
728 1189 839 1258 iubeat
860 1190 1085 1255 Athenienses.

412 1297 475 1362 Sed
509 1298 627 1380 redeat,
661 1297 751 1362 uude
788 1297 933 1380 digressa
973 1302 1023 1360 est
1057 1297 1238 1380 disputatio.
1292 1295 1392 1372 Quod

322 1405 459 1470 Bahius:
485 1403 570 1486 „Nec
597 1422 747 1486 usquam,
768 1401 912 1487 inquit,1)
936 1404 1174 1467 demonstratur
1191 1403 1262 1487 lege
1284 1407 1390 1466 teneri

323 1513 454 1576 ditiores
481 1512 517 1574 in
545 1511 692 1593 equitatu
718 1510 852 1574 mereri“
881 1514 913 1573 et
947 1511 1070 1594 ,psum
1101 1515 1210 1574 autem
1234 1505 1392 1574 ἱππεύειν

325 1618 483 1703 quomodo
506 1618 542 1680 in
564 1616 705 1700 liturgiis
729 1617 854 1680 censeri
875 1622 1001 1699 poterat
1023 1637 1097 1680 curn
1125 1635 1227 1680 censu
1253 1618 1393 1679 coniun-

322 1730 420 1808 ctum,
443 1744 518 1788 com
534 1722 700 1807 equitibus
719 1717 846 1805 μισθὸς
864 1722 1072 1806 praeberetur
1094 1727 1126 1786 et
1148 1723 1279 1799 σῖτοςῖ)α
1303 1723 1391 1786 hanc

323 1833 514 1898 sententiam
530 1829 728 1893 Thumserus
748 1830 837 1893 hisce
860 1829 968 1893 verbis
990 1826 1150 1912 refelht:2)
1184 1828 1392 1912 „Respicien-

323 1939 401 2004 dum
420 1942 477 2020 est,
500 1935 586 2019 quod
602 1935 742 1998 Bahium
758 1937 866 2018 ipsum
888 1956 956 1999 non
979 1936 1101 2019 effugit,
1127 1935 1201 1998 ‘sibi
1225 1955 1393 2020 quemque

322 2051 353 2110 et
365 2065 485 2128 equum
501 2048 532 2106 et
546 2043 683 2126 reliqua,
698 2042 820 2125 quibus
832 2062 912 2127 opus
929 2048 1006 2125 erat,
1021 2041 1231 2127 comparasse⁴
1248 2040 1293 2124 (p.
1309 2043 1392 2128 221)

322 2172 360 2216 ac
391 2151 539 2235 pecuniis
569 2149 633 2212 illis
657 2169 676 2212 a
701 2149 829 2213 civitate
863 2150 1023 2214 concessis
1058 2149 1224 2230 aliquanto
1259 2154 1392 2213 tanturn

321 2277 392 2324 esse
415 2255 590 2320 adiutum.“
631 2255 741 2338 Atque
764 2257 834 2338 ipse
858 2256 944 2339 quod
967 2260 1064 2340 negat
1081 2255 1206 2320 Bahius
1230 2257 1294 2320 alio
1318 2257 1393 2321 loco

322 2364 496 2428 concedere
519 2357 689 2446 videtrrr33)
724 2362 803 2444 quid
833 2365 920 2426 enim
948 2363 1036 2426 aliud
1063 2361 1245 2445 significant
1272 2347 1391 2426 verba:

321 2469 471 2554 „Constat
492 2469 592 2552 igitur
623 2487 665 2531 ex
694 2469 767 2552 lege
798 2488 852 2532 eos
875 2469 915 2532 ab
938 2470 1113 2553 hipparcho
1136 2470 1169 2532 in
1205 2471 1392 2552 equitatum

322 2576 473 2660 legendos
500 2575 610 2658 fuisse,
646 2576 703 2656 qui
736 2581 937 2658 praestarent
967 2581 999 2640 et
1022 2575 1137 2659 opibus
1160 2581 1192 2639 et
1215 2577 1392 2659 eorpore‘t?

321 2682 392 2748 Nec
426 2683 556 2746 omnino
590 2681 651 2744 hoc
684 2683 798 2765 negari
824 2687 938 2765 potest,
973 2684 1002 2746 si
1028 2683 1161 2765 respicis
1197 2681 1296 2746 rerba
1322 2683 1395 2764 illa,

322 2809 406 2874 quae
437 2809 535 2872 supra
558 2806 575 2851 e
597 2786 813 2872 Xenophonte
844 2787 975 2872 attuh.4)
1021 2791 1130 2872 Atque
1153 2809 1195 2852 ex
1226 2787 1393 2866 omnibus

225 2906 231 2919 '
321 2898 360 2961 de
384 2895 503 2980 quibus
526 2895 632 2959 adhuc
656 2895 829 2979 disputavi,
855 2897 935 2960 locis
969 2898 1030 2960 hoc
1062 2902 1172 2960 nostro
1200 2895 1270 2958 iure
1299 2895 1393 2958 colli-

320 3022 395 3086 gere
418 3002 605 3086 poterimus,
626 3003 769 3085 primum
791 3023 912 3068 munus
937 2997 1170 3090 ἱπποτροφίας
1190 3004 1226 3064 in
1249 3021 1395 3065 numero

320 3109 528 3192 liturgiarum
549 3107 650 3172 fuisse
672 3109 819 3192 Athenis,
842 3115 873 3174 et
896 3111 937 3174 de
959 3130 1019 3174 sua
1040 3111 1181 3192 pecunia
1208 3127 1333 3191 equum
1362 3114 1396 3172 et

320 3213 382 3278 sibi
417 3233 602 3296 comparare
633 3219 665 3278 et
699 3215 785 3278 alere
819 3221 944 3279 coactos
971 3216 1073 3279 fuisse
1100 3216 1236 3298 equites,
1270 3215 1397 3278 deinde
1449 3213 1451 3237 ¹

322 3320 496 3384 ditissimos
523 3320 611 3384 cives
639 3321 680 3384 ad
703 3322 916 3403 equitandum
937 3323 1045 3387 lectos
1060 3342 1139 3405 esse,
1165 3323 1321 3385 nimirum
1351 3342 1396 3386 ex

320 3426 489 3491 ordinibus
521 3428 668 3510 equitum
701 3433 733 3491 et
754 3430 1189 3511 pentacosiomedimuorom.
1236 3431 1321 3494 Nam
1351 3452 1398 3496 err

318 3535 369 3616 iic,
404 3552 486 3617 quae
508 3532 692 3598 Boeokhius
727 3534 811 3598 dixit
843 3537 879 3599 in
908 3538 1014 3620 priore
1043 3537 1181 3600 editione
1209 3536 1298 3618 libri,
1337 3541 1398 3602 cui

319 3639 521 3704 inscribitur:
545 3637 607 3704 Die
630 3639 956 3728 Staatshaushaltung
979 3643 1037 3708 der
1058 3640 1240 3728 Athener,5)
1263 3663 1335 3707 non
1363 3645 1400 3708 id

427 3850 454 3921 1)
472 3849 649 3920 Mnemosyne
676 3851 753 3921 VIII,
777 3869 804 3921 p.
829 3854 882 3909 225
902 3871 938 3906 ε
969 3855 1094 3913 Scholion
1120 3857 1336 3926 hypomnemata
1362 3859 1401 3926 V,

317 3956 345 4008 p.
365 3939 452 4096 nod)
471 4028 520 4082 De.
539 4029 592 4086 civ.
610 4029 674 4085 Ath.
692 4045 768 4084 mun.
786 4047 812 4098 p.
831 4030 876 4086 82,

424 4115 453 4186 3)
471 4115 560 4171 Sobel.
578 4117 643 4186 hyp.
661 4117 695 4186 V,
714 4135 740 4186 p.
760 4119 823 4174 160.

424 4206 453 4277 4)
471 4222 531 4275 pag.
550 4208 575 4264 2.
593 4205 743 4276 Hipparoh.
762 4208 784 4277 I,
804 4209 830 4264 9.

424 4293 453 4364 5)
470 4293 507 4363 H,
525 4311 552 4363 p.
571 4295 615 4352 35.
