2967 4917
595 406 646 473 ,13

93 590 226 677 ταμίαις
253 591 436 685 παρεδόθη,
471 597 627 684 Περικλεῖ
655 599 820 684 Χολαρχεῖ
854 598 910 664 καὶ
946 597 1160 688 συνάρχουσιν

92 701 230 780 ἵπποις
248 706 365 779 ’σῖτος
387 698 490 791 ἐδόθη
517 710 828 772 ΤΤΠΗΗΗΗΔΔ.
947 707 950 712 ⁴

172 806 281 895 ἕτερον
314 814 385 888 τοῖς
419 802 530 889 αότοῖς
560 805 829 901 Ἑλληνοταμίαις
865 814 1014 891 ἵπποις
1048 818 1161 894 σῖτος

91 910 186 1005 roceo
213 921 450 983 ττστσσιιι
473 969 480 983 .
504 967 545 991 ,.
593 962 596 968 -

171 1014 248 1087 Ἐπὶ
267 1018 570 1113 τηςἈκαμανιίδος
582 1021 736 1112 τετάρτης
747 1022 1004 1115 πρυτανευούσης
1010 1021 1159 1117 Ἑλληνο-

95 1124 221 1209 ιαμιόις
259 1128 433 1220 παρεδόθη
467 1132 621 1219 Περικλεῖ
657 1125 820 1218 Χολαρχεῖ
853 1130 910 1197 καὶ
947 1130 1160 1220 συνάρχουσιν

94 1233 246 1320 σ[ῖ];τος
269 1237 418 1315 ἵπποις
440 1235 543 1328 ἐδόθη
571 1246 688 1303 ΤΤΤ.
713 1288 720 1301 .

173 1334 250 1407 Ἐπὶ
286 1345 344 1432 της
367 1336 571 1426 Ἀντιοχίδος
603 1340 745 1433 ἑβδόμης
772 1342 1031 1434 πρυτανευούσης
1054 1397 1062 1410 .
1086 1397 1093 1411 .
1118 1398 1126 1412 .
1150 1398 1158 1412 .

93 1448 128 1533 τῇ
155 1440 236 1538 αἰτῇ
266 1442 370 1538 ἡμέρᾳ
391 1444 659 1539 Ἑλληνοταμῖαις
689 1446 860 1537 Φαλάνθῳ
888 1443 1160 1543 [inflammatam

93 1550 143 1617 καὶ
166 1550 379 1641 συνάρχουσιν
402 1561 513 1621 σῖτον
535 1558 682 1634 ἵπποις
708 1564 831 1621 ΤΊἿΤ

173 1661 210 1724 In
237 1668 377 1745 quatuor
398 1665 499 1747 igitur
521 1665 679 1747 prytaniis
703 1683 746 1727 ex
768 1665 889 1727 aerario
914 1666 1079 1746 equitibus
1103 1686 1158 1749 pe-

91 1769 183 1831 cunia
206 1771 354 1854 impensa
377 1776 434 1851 est,
457 1774 501 1833 ita
525 1776 562 1833 ut
584 1776 835 1837 numerarentur

89 1873 246 1957 inprime
269 1877 419 1959 prytanio
448 1878 466 1939 3
490 1877 618 1957 talenta,
643 1878 727 1939 3237
754 1877 934 1956 drachmae,
958 1877 1158 1942 semiobolus

89 1980 121 2041 in
144 1981 255 2045 eadem
690 1984 729 2045 91
756 1983 926 2047 drachmae
951 1982 1017 2066 31s2
1040 1984 1126 2048 oboli

88 2086 123 2147 in
144 2089 237 2151 tertia
260 2091 411 2172 prytanio
450 2091 469 2151 2
493 2090 622 2170 talenta,
647 2091 732 2152 5420
759 2090 927 2153 drachmae

89 2192 122 2253 in
144 2194 255 2257 eadem
449 2198 468 2257 2
493 2196 622 2277 talenta,
648 2197 733 2259 5400
759 2197 928 2259 drachmae

90 2298 122 2359 in
146 2306 261 2382 quarta
276 2304 426 2383 prytanio
451 2304 470 2363 3
494 2303 614 2367 talenta

89 2405 121 2467 in
144 2409 278 2489 septima
450 2410 471 2469 4
494 2408 614 2472 talenta

213 2566 401 2632 efficiuntur
427 2570 466 2631 16
491 2570 620 2651 talenta,
645 2570 731 2631 2145
757 2570 936 2650 drachmae,
961 2571 980 2631 4
1006 2570 1099 2634 oboli.

90 2669 199 2735 Cetera
223 2692 240 2736 e
264 2674 403 2757 publicis
426 2675 584 2740 reditibus
608 2675 729 2739 tributa
749 2695 819 2740 esse
835 2675 1009 2760 equitibus,
1032 2676 1157 2740 Boeck·

88 2778 177 2842 hium
202 2786 326 2863 putare,
357 2784 421 2845 iam
446 2783 645 2865 supradixi.
677 2818 716 2826 —
755 2782 879 2845 Foedus
902 2783 1157 2847 Atheniensibus

87 2882 358 2968 Peloponnesiaco
382 2889 464 2953 bello
489 2907 574 2951 anno
598 2889 663 2949 420
692 2906 765 2949 curn
790 2888 929 2969 Argivis,
953 2888 1157 2953 Mantineen-

87 2990 184 3074 sibus,
218 2993 338 3059 Eleatis
371 2994 542 3071 icentibus
578 2996 740 3058 sociorum
768 2993 935 3076 ¹equitibus
968 2994 1156 3059 drachmam

86 3098 308 3181 Aegineticum
340 3103 453 3181 (σῖτον)
486 3101 628 3185 quotidie
659 3099 771 3180 tribui,
808 3101 834 3163 si
867 3100 989 3163 diutins
1023 3103 1158 3185 triginta

87 3203 199 3269 diebus
231 3208 272 3269 iis
305 3210 353 3271 uti
384 3210 512 3291 vellent,
543 3209 754 3270 constitutum
787 3204 870 3285 estl)
902 3242 946 3250 —
978 3206 1073 3271 Hanc
1100 3228 1156 3292 pe-

87 3313 215 3375 cuniam
241 3313 329 3377 domi
357 3315 556 3398 militiaeque
580 3312 746 3396 equitibus
771 3314 876 3376 datam
900 3331 972 3375 esse
995 3315 1155 3394 vidimus3

87 3418 168 3484 bello
191 3427 355 3505 praeterea
388 3440 512 3505 semper
543 3420 724 3484 mercedem
750 3422 818 3483 sive
843 3420 1043 3501 stipendium
1065 3403 1156 3502 (βισ-

191 3617 218 3686 1)
238 3617 320 3669 Thuc.
340 3615 373 3683 V,
392 3616 435 3683 47,
446 3616 470 3669 6.
509 3658 514 3671 .
535 3654 541 3668 .
560 3618 617 3668 τοῖς
634 3610 663 3664 δὲ
680 3611 836 3679 βοηθοῦσιν
854 3611 869 3677 η
887 3608 961 3667 πόλις
979 3607 996 3679 ἡ
1015 3619 1155 3682 πέμπουσα

84 3713 217 3777 παρεχέτω
235 3710 309 3776 μέχρι
326 3705 383 3759 τῶν
401 3701 543 3773 τριάκοντα
561 3696 666 3771 ἡμερῶν
684 3707 770 3762 σῖτον,
794 3697 863 3765 ἐπὴν
880 3698 949 3766 ἔλθη
965 3705 991 3755 ἐς
1009 3699 1060 3767 την
1077 3692 1168 3753 πόλιν

85 3790 132 3859 τήν
157 3792 349 3867 ἐπαχχείλασαν
370 3793 488 3861 βοηθεῖν
511 3798 553 3844 καὶ
582 3788 699 3844 άπιοῦσα
725 3786 794 3841 κατὰ
815 3778 910 3843 ταότά.
932 3787 967 3855 ἢν
989 3787 1018 3841 δέ
1046 3787 1155 3842 πλείονα

82 3879 234 3945 βούλωνται
252 3881 349 3954 χρόνον
371 3883 407 3953 τῇ
428 3881 541 3951 στρατιᾷ
563 3880 681 3950 χρῆσθαι
704 3872 719 3946 ἡ
739 3874 813 3933 πόλις
830 3871 847 3944 ’ἡ
865 3881 1094 3947 μεταπεμψάμενη
1112 3874 1154 3928 δι-

83 3966 155 4023 δότω
175 3978 253 4025 σῖτον
272 3971 312 4038 τῷ
334 3975 384 4040 μὲν
403 3965 495 4040 ὁπλίτῃ
519 3976 561 4021 καὶ
579 3966 651 4037 ψιλῷ
674 3974 716 4020 καὶ
739 3964 837 4037 τοξότῃ
856 3972 926 4036 τρεῖς
943 3957 1055 4033 όβολοδς
1072 3967 1154 4035 Αἰγι-

82 4066 172 4115 ναίους
188 4061 237 4127 τῆσ
254 4054 351 4131 ἡμέρας
368 4058 484 4125 ἑκάστης,
503 4058 544 4125 τῷ
561 4055 584 4109 δ’
604 4058 680 4111 ἱππεῖ
696 4054 815 4127 δραχμὴν
827 4058 979 4127 Αἰγιναίαν.
1007 4054 1154 4121 Fragmen-

82 4148 139 4201 tum
159 4148 276 4217 tabulae,
296 4164 365 4217 quae
383 4147 451 4201 illud
470 4146 564 4200 foedus
583 4144 709 4213 continet,
733 4144 876 4199 inventum
894 4146 943 4212 est,
967 4144 1015 4197 sod
1033 4158 1101 4211 quae
1120 4140 1155 4195 ad

82 4238 204 4293 nostram
222 4254 282 4291 rem
299 4237 441 4306 pertinent,
462 4236 566 4289 desunt.
602 4233 673 4287 Vide
691 4233 807 4288 Hermes
824 4233 880 4288 XII
899 4251 924 4302 p.
944 4232 997 4287 368
1015 4247 1089 4301 seqq.
