2967 4917
783 402 824 463 20

268 609 356 653 cesse
380 594 437 669 est,
460 592 490 655 h.
509 610 534 655 e.
554 598 585 653 et
605 594 698 653 σῖτον
713 596 745 654 et
760 586 973 668 κατάστασιν,
997 595 1093 672 atque
1108 590 1334 674 Xenophontis

268 702 369 761 aetate
397 692 602 761 κατάστασιν
633 694 788 759 tributam
821 715 892 760 esse
915 694 1087 777 equitibus,
1117 718 1236 781 negare
1267 719 1335 762 non

267 805 453 886 poterimus.
499 802 609 879 Bahi0,
633 804 689 885 qui
712 804 752 866 ad
775 803 974 886 probandam
997 805 1189 866 contrariam
1210 806 1334 887 opinio·

267 928 342 972 nem
366 910 426 972 hoo
449 909 518 971 loco
541 907 775 991 Xenophonteo
803 930 883 973 usus
916 914 964 972 est
986 913 1018 971 et
1049 910 1096 991 „si
1118 907 1332 987 nerduinum,

265 1013 407 1098 inquitl)
431 1019 585 1097 usurpata
608 1013 730 1097 fnisset,
753 1016 814 1078 hoc
836 1011 996 1099 postremo
1021 1016 1151 1097 quidem
1173 1017 1243 1079 loco
1266 1037 1334 1080 non

267 1122 315 1207 τῷ
344 1123 472 1207 μισθῷ,
503 1122 559 1185 sed
590 1122 629 1209 τῇ
660 1118 863 1185 καταστάσει
898 1117 1137 1205 ἐπαναγκάζειν
1169 1123 1335 1204 ἀίκίεεθῒ“,

266 1227 327 1290 hoo
346 1247 491 1311 oppono:
516 1230 657 1311 primum
680 1230 820 1313 pecrmia
844 1229 1032 1311 quotidiana
1056 1248 1090 1291 se
1112 1230 1273 1292 instruere
1301 1235 1335 1292 et

267 1352 367 1415 equos
399 1334 520 1397 scilicet
550 1354 613 1397 non
646 1338 795 1417 poterant
825 1336 964 1416 aquitae,
1002 1335 1118 1399 deinde
1149 1335 1249 1398 verba
1283 1337 1333 1421 τῷ

265 1442 389 1525 μισθῷ1
411 1441 472 1503 hoc
501 1440 571 1503 loco
605 1460 670 1503 non
701 1460 759 1524 pro
783 1442 822 1528 τῇ
846 1435 1047 1505 καταστάσει
1076 1447 1231 1524 usurpata
1254 1448 1335 1505 sunt

267 1567 286 1609 a
308 1546 532 1629 Xenophonte,
556 1547 612 1609 sed
636 1549 766 1609 omnino
790 1548 945 1630 pecunias
961 1548 1071 1610 valent
1085 1548 1213 1629 publice
1232 1550 1334 1629 datae,

268 1652 388 1735 quibus
420 1658 529 1715 tamen
559 1654 592 1714 in
616 1654 764 1736 pecuniis
788 1654 882 1716 etiam
907 1649 1111 1729 κατάστασις
1139 1656 1332 1718 continetur.

263 1759 381 1842 ⁴Itaque
415 1760 495 1842 quin
518 1778 582 1821 non
615 1763 741 1822 tantum
771 1760 831 1823 sub
855 1762 1076 1843 trigintaviriS,
1098 1781 1211 1825 verum
1235 1763 1333 1825 etiarn

265 1866 336 1928 aliis
351 1865 548 1948 temporibus
566 1866 728 1947 equitibus
743 1866 1006 1949 Atheniensibus,
1027 1874 1064 1931 ut
1083 1867 1166 1932 dixit
1179 1867 1333 1931 Reiskius

265 1989 396 2051 „recens
420 1971 560 2034 υΠοοείειι
584 1974 722 2054 pecunia
746 1974 815 2036 sive
838 1976 1088 2062 manupretium,
1121 1993 1184 2055 qno
1216 1993 1251 2036 se
1280 1975 1333 2035 in-

266 2081 436 2157 struerent,
459 2078 570 2140 datum
595 2080 644 2160 sit,
665 2099 730 2142 non
756 2079 895 2142 dubitari
919 2080 1021 2143 debet.

766 2343 825 2408 ΙΙΙ.

297 2484 340 2551 iia
363 2484 505 2569 equitum
530 2486 656 2555 deiectu
680 2488 714 2554 at
738 2487 778 2554 da
802 2486 1052 2572 manistratibus
1075 2488 1295 2572 equestribus.

371 2625 460 2689 Mille
484 2628 571 2690 cives
593 2624 650 2690 καὶ
678 2623 820 2714 χρήμασι
845 2626 901 2693 καὶ
926 2625 1060 2710 σώμασι
1085 2624 1332 2707 δυνατωτάτους

264 2732 381 2795 eleetos
411 2752 490 2813 esse,
517 2738 555 2796 ut
585 2734 710 2816 equites
740 2740 908 2816 mererent,
941 2737 1006 2798 iam
1047 2755 1145 2818 supra
1177 2735 1327 2799 vidimus

264 2837 327 2901 Sed
350 2840 473 2921 aliquot
496 2840 646 2903 accedere
670 2841 709 2903 ad
732 2842 805 2905 illos
828 2843 915 2905 mille
938 2860 1070 2905 necesse
1086 2842 1267 2923 videbatur,
1291 2850 1331 2906 nt

264 2963 422 3008 numerus
460 2946 530 3029 lege
563 2952 754 3030 praeceptus
797 2950 1017 3031 compleretur.
1077 2948 1161 3012 Nam
1200 2954 1332 3031 propter

264 3055 461 3114 senectutem
489 3053 576 3133 alios,
615 3054 693 3116 aiios
728 3054 801 3118 aliis
831 3054 870 3117 de
902 3058 1007 3119 causis
1036 3057 1215 3119 defecturos
1248 3074 1332 3135 esse,

263 3154 448 3239 Xenophon
474 3155 544 3241 ait2)
570 3165 601 3221 et
624 3178 749 3241 semper
772 3161 817 3221 ita
839 3162 1007 3241 pauciores
1024 3182 1103 3226 esse.
1145 3164 1329 3240 Quaeram

262 3264 307 3325 ita
339 3264 412 3340 sint,
442 3262 630 3326 diuturnum
658 3264 759 3327 fuisse
783 3265 977 3347 stipendium
1007 3274 1154 3351 equestre
1185 3271 1327 3348 ridetur,

263 3389 338 3431 nam
362 3374 468 3453 aperte
491 3368 674 3453 Xenophon
703 3366 784 3459 γήρᾳ
807 3363 1069 3458 ἀπαγορεύοντας
1098 3383 1330 3440 commemorat

263 3480 358 3558 atque
398 3475 436 3539 de
475 3476 640 3559 equitibus
682 3484 784 3542 aetate
821 3480 1076 3561 provectioribus
1115 3484 1210 3545 etiam
1249 3482 1330 3545 alibi

261 3578 441 3664 loquitur,3)
465 3602 547 3665 quae
572 3579 803 3673 ἱπποτροφίας
826 3586 1022 3652 diuturnitas
1045 3588 1222 3672 Hyperidis
1246 3610 1329 3672 quo-

262 3708 465 3715 --——.-.-.—......

369 3775 396 3845 1)
415 3774 503 3831 Schol.
521 3777 586 3845 hyp.
605 3777 630 3829 V
647 3794 673 3845 p.
693 3779 753 3835 161.

367 3864 393 3932 2)
412 3863 595 3933 Hipparch,1,
615 3868 647 3920 2:
668 3908 696 3921 ..
716 3870 738 3919 εἰ
756 3864 785 3919 δὲ
802 3866 837 3936 μή
850 3868 1106 3938 προσαναβήσονται
1123 3870 1211 3925 ἱππεῖς
1226 3878 1329 3939 μείονες

260 3943 300 4005 (ist
316 3956 423 4005 ἔσονται
437 3969 442 3980 ·
456 3944 556 4022 ἀνάγκη
575 3951 697 4025 γὰρτούε
714 3958 763 4022 μὲν
780 3953 847 4026 γήρα
866 3946 1040 4029 άπαγορεάειν
1057 3956 1120 4013 τους
1137 3957 1166 4010 δὲ
1184 3966 1227 4011 καὶ
1244 3957 1329 4015 dumo

259 4039 391 4094 ἐκλείπειν.

366 4128 394 4199 3)
418 4126 481 4184 Τοάτ
503 4150 531 4199 γε
552 4128 606 4198 μὴν
627 4138 821 4201 πρεσβυτέρους
843 4131 893 4185 τὸν
911 4132 1040 4205 Περσικὸν
1057 4131 1161 4205 τρόπον
1178 4126 1325 4203 ἀναβάλλε-

260 4218 329 4270 σθαι
346 4208 387 4271 ὑπ)
404 4215 489 4271 ἄλλων
507 4219 676 4288 προσεθίσαε,
690 4226 730 4272 καὶ
742 4218 854 4276 rotoma
865 4212 1008 4293 άφελῆσαιε
1017 4220 1061 4277 ἄν.
1077 4222 1327 4293 (Hipparch.1,17.)
