<?xml version="1.0" encoding="UTF-8"?>
<!DOCTYPE html PUBLIC "-//W3C//DTD XHTML 1.0 Transitional//EN"
    "http://www.w3.org/TR/xhtml1/DTD/xhtml1-transitional.dtd">
<html xmlns="http://www.w3.org/1999/xhtml" xml:lang="en" lang="en">
 <head>
  <title>
</title>
<meta http-equiv="Content-Type" content="text/html;charset=utf-8" />
  <meta name='ocr-system' content='tesseract 3.04.00' />
  <meta name='ocr-capabilities' content='ocr_page ocr_carea ocr_par ocr_line ocrx_word'/>
</head>
<body>
  <div class='ocr_page' id='page_1' title='image "./deequitibusatti00dirigoog_0035.png"; bbox 0 0 2967 4917; ppageno 0'>
   <div class='ocr_carea' id='block_1_1' title="bbox 610 425 651 485">
    <p class='ocr_par' dir='ltr' id='par_1_1' title="bbox 610 425 651 485">
     <span class='ocr_line' id='line_1_1' title="bbox 610 425 651 485; baseline 0 0"><span class='ocrx_word' id='word_1_1' title='bbox 610 425 651 485; x_wconf 81' lang='lat'>25</span> 
     </span>
    </p>
   </div>
   <div class='ocr_carea' id='block_1_2' title="bbox 83 612 1178 3254">
    <p class='ocr_par' dir='ltr' id='par_1_2' title="bbox 83 612 1178 3254">
     <span class='ocr_line' id='line_1_2' title="bbox 101 612 1159 697; baseline -0.003 -17"><span class='ocrx_word' id='word_1_2' title='bbox 101 612 268 681; x_wconf 71' lang='grc' dir='ltr'><strong><em>πείθοντα.</em></strong></span> <span class='ocrx_word' id='word_1_3' title='bbox 316 613 354 676; x_wconf 90' lang='lat' dir='ltr'>ln</span> <span class='ocrx_word' id='word_1_4' title='bbox 378 614 431 677; x_wconf 91' lang='lat' dir='ltr'>ius</span> <span class='ocrx_word' id='word_1_5' title='bbox 454 614 555 696; x_wconf 85' lang='lat' dir='ltr'>igitur</span> <span class='ocrx_word' id='word_1_6' title='bbox 577 613 710 677; x_wconf 87' lang='lat' dir='ltr'>vocabat</span> <span class='ocrx_word' id='word_1_7' title='bbox 733 614 927 697; x_wconf 81' lang='lat' dir='ltr'>hipparchus</span> <span class='ocrx_word' id='word_1_8' title='bbox 951 619 1006 677; x_wconf 90' lang='lat' dir='ltr'>aut</span> <span class='ocrx_word' id='word_1_9' title='bbox 1028 633 1159 697; x_wconf 89' lang='lat' dir='ltr'>persua-</span> 
     </span>
     <span class='ocr_line' id='line_1_3' title="bbox 101 720 1157 805; baseline -0.002 -20"><span class='ocrx_word' id='word_1_10' title='bbox 101 724 199 787; x_wconf 90' lang='lat' dir='ltr'>dendo</span> <span class='ocrx_word' id='word_1_11' title='bbox 223 720 451 800; x_wconf 88' lang='lat' dir='ltr'>commovebat,</span> <span class='ocrx_word' id='word_1_12' title='bbox 476 739 556 802; x_wconf 91' lang='lat' dir='ltr'>quos</span> <span class='ocrx_word' id='word_1_13' title='bbox 580 721 666 783; x_wconf 81' lang='lat' dir='ltr'>eires</span> <span class='ocrx_word' id='word_1_14' title='bbox 683 722 843 804; x_wconf 87' lang='lat' dir='ltr'>equitatui</span> <span class='ocrx_word' id='word_1_15' title='bbox 861 721 995 785; x_wconf 91' lang='lat' dir='ltr'>idoneos</span> <span class='ocrx_word' id='word_1_16' title='bbox 1014 740 1084 785; x_wconf 87' lang='lat' dir='ltr'>esse</span> <span class='ocrx_word' id='word_1_17' title='bbox 1099 741 1157 805; x_wconf 90' lang='lat' dir='ltr'>pu-</span> 
     </span>
     <span class='ocr_line' id='line_1_4' title="bbox 100 824 1159 908; baseline -0.001 -16"><span class='ocrx_word' id='word_1_18' title='bbox 100 829 188 894; x_wconf 89' lang='lat' dir='ltr'>tabat.</span> <span class='ocrx_word' id='word_1_19' title='bbox 242 828 282 891; x_wconf 90' lang='lat' dir='ltr'>In</span> <span class='ocrx_word' id='word_1_20' title='bbox 305 829 365 891; x_wconf 86' lang='lat' dir='ltr'>hac</span> <span class='ocrx_word' id='word_1_21' title='bbox 388 846 422 889; x_wconf 92' lang='lat' dir='ltr'>re</span> <span class='ocrx_word' id='word_1_22' title='bbox 450 826 490 889; x_wconf 88' lang='lat' dir='ltr'>ab</span> <span class='ocrx_word' id='word_1_23' title='bbox 514 824 728 907; x_wconf 84' lang='lat' dir='ltr'>Hermann01)</span> <span class='ocrx_word' id='word_1_24' title='bbox 762 828 927 908; x_wconf 77' lang='lat' dir='ltr'>dissentio,</span> <span class='ocrx_word' id='word_1_25' title='bbox 961 830 1015 891; x_wconf 90' lang='lat' dir='ltr'>cui</span> <span class='ocrx_word' id='word_1_26' title='bbox 1049 827 1159 892; x_wconf 90' lang='lat' dir='ltr'>Xeno-</span> 
     </span>
     <span class='ocr_line' id='line_1_5' title="bbox 96 926 1158 1022; baseline -0.001 -23"><span class='ocrx_word' id='word_1_27' title='bbox 96 936 221 1019; x_wconf 81' lang='lat' dir='ltr'>phontis</span> <span class='ocrx_word' id='word_1_28' title='bbox 254 933 352 998; x_wconf 82' lang='lat' dir='ltr'>verba</span> <span class='ocrx_word' id='word_1_29' title='bbox 375 926 395 1019; x_wconf 74' lang='grc' dir='ltr'>ἢ</span> <span class='ocrx_word' id='word_1_30' title='bbox 418 928 592 1017; x_wconf 78' lang='grc' dir='ltr'><em>εἰσάγοντα</em></span> <span class='ocrx_word' id='word_1_31' title='bbox 624 928 672 1009; x_wconf 79' lang='grc' dir='ltr'>εἰς</span> <span class='ocrx_word' id='word_1_32' title='bbox 703 930 915 1022; x_wconf 78' lang='grc' dir='ltr'><strong><em>δικαστήριον</em></strong></span> <span class='ocrx_word' id='word_1_33' title='bbox 944 927 965 1021; x_wconf 75' lang='grc' dir='ltr'>ἢ</span> <span class='ocrx_word' id='word_1_34' title='bbox 992 930 1158 999; x_wconf 75' lang='grc' dir='ltr'><strong><em>πείθοντα</em></strong></span> 
     </span>
     <span class='ocr_line' id='line_1_6' title="bbox 101 1040 1159 1123; baseline -0.001 -18"><span class='ocrx_word' id='word_1_35' title='bbox 101 1044 196 1123; x_wconf 89' lang='lat' dir='ltr'>„clare</span> <span class='ocrx_word' id='word_1_36' title='bbox 221 1041 389 1105; x_wconf 80' lang='lat' dir='ltr'>ostendere</span> <span class='ocrx_word' id='word_1_37' title='bbox 418 1040 578 1119; x_wconf 87' lang='lat' dir='ltr'>videntur,</span> <span class='ocrx_word' id='word_1_38' title='bbox 613 1040 652 1101; x_wconf 92' lang='lat' dir='ltr'>ad</span> <span class='ocrx_word' id='word_1_39' title='bbox 683 1042 925 1123; x_wconf 83' lang='lat' dir='ltr'>persuasionem</span> <span class='ocrx_word' id='word_1_40' title='bbox 956 1043 1000 1103; x_wconf 91' lang='lat' dir='ltr'>ita</span> <span class='ocrx_word' id='word_1_41' title='bbox 1031 1045 1159 1104; x_wconf 87' lang='lat' dir='ltr'>tantum</span> 
     </span>
     <span class='ocr_line' id='line_1_7' title="bbox 100 1143 1159 1229; baseline 0.003 -22"><span class='ocrx_word' id='word_1_42' title='bbox 100 1154 226 1212; x_wconf 87' lang='lat' dir='ltr'>ventum</span> <span class='ocrx_word' id='word_1_43' title='bbox 252 1167 331 1227; x_wconf 86' lang='lat' dir='ltr'>esse,</span> <span class='ocrx_word' id='word_1_44' title='bbox 354 1146 412 1210; x_wconf 92' lang='lat' dir='ltr'>ubi</span> <span class='ocrx_word' id='word_1_45' title='bbox 435 1148 507 1209; x_wconf 90' lang='lat' dir='ltr'>iure</span> <span class='ocrx_word' id='word_1_46' title='bbox 532 1147 584 1228; x_wconf 85' lang='lat' dir='ltr'>agi</span> <span class='ocrx_word' id='word_1_47' title='bbox 608 1165 672 1208; x_wconf 92' lang='lat' dir='ltr'>non</span> <span class='ocrx_word' id='word_1_48' title='bbox 690 1152 796 1229; x_wconf 89' lang='lat' dir='ltr'>posset</span> <span class='ocrx_word' id='word_1_49' title='bbox 812 1196 837 1211; x_wconf 88' lang='lat'>..</span> <span class='ocrx_word' id='word_1_50' title='bbox 852 1197 875 1209; x_wconf 90' lang='lat'>..</span> <span class='ocrx_word' id='word_1_51' title='bbox 897 1153 929 1211; x_wconf 91' lang='lat' dir='ltr'>et</span> <span class='ocrx_word' id='word_1_52' title='bbox 944 1143 1159 1212; x_wconf 88' lang='grc' dir='ltr'><strong><em>διαδικασίαν</em></strong></span> 
     </span>
     <span class='ocr_line' id='line_1_8' title="bbox 100 1254 1159 1338; baseline 0 -21"><span class='ocrx_word' id='word_1_53' title='bbox 100 1274 177 1337; x_wconf 87' lang='lat' dir='ltr'>quae</span> <span class='ocrx_word' id='word_1_54' title='bbox 201 1254 366 1319; x_wconf 75' lang='lat' dir='ltr'>dicebatur</span> <span class='ocrx_word' id='word_1_55' title='bbox 388 1254 569 1316; x_wconf 89' lang='lat' dir='ltr'>institutam</span> <span class='ocrx_word' id='word_1_56' title='bbox 595 1270 674 1331; x_wconf 87' lang='lat' dir='ltr'>esse,</span> <span class='ocrx_word' id='word_1_57' title='bbox 697 1259 734 1315; x_wconf 91' lang='lat' dir='ltr'>ut</span> <span class='ocrx_word' id='word_1_58' title='bbox 758 1255 946 1336; x_wconf 78' lang='lat' dir='ltr'>quicunque</span> <span class='ocrx_word' id='word_1_59' title='bbox 969 1255 1008 1317; x_wconf 85' lang='lat' dir='ltr'>ab</span> <span class='ocrx_word' id='word_1_60' title='bbox 1032 1255 1159 1338; x_wconf 87' lang='lat' dir='ltr'>hippar-</span> 
     </span>
     <span class='ocr_line' id='line_1_9' title="bbox 99 1360 1158 1443; baseline 0.001 -20"><span class='ocrx_word' id='word_1_61' title='bbox 99 1363 164 1423; x_wconf 86' lang='lat' dir='ltr'>chis</span> <span class='ocrx_word' id='word_1_62' title='bbox 196 1362 281 1424; x_wconf 93' lang='lat' dir='ltr'>inter</span> <span class='ocrx_word' id='word_1_63' title='bbox 313 1361 438 1441; x_wconf 89' lang='lat' dir='ltr'>equites</span> <span class='ocrx_word' id='word_1_64' title='bbox 471 1360 573 1421; x_wconf 87' lang='lat' dir='ltr'>lectus</span> <span class='ocrx_word' id='word_1_65' title='bbox 608 1364 701 1439; x_wconf 89' lang='lat' dir='ltr'>esset,</span> <span class='ocrx_word' id='word_1_66' title='bbox 736 1362 765 1423; x_wconf 91' lang='lat' dir='ltr'>si</span> <span class='ocrx_word' id='word_1_67' title='bbox 797 1379 895 1442; x_wconf 92' lang='lat' dir='ltr'>quem</span> <span class='ocrx_word' id='word_1_68' title='bbox 927 1361 1027 1423; x_wconf 87' lang='lat' dir='ltr'>alium</span> <span class='ocrx_word' id='word_1_69' title='bbox 1049 1363 1158 1443; x_wconf 86' lang='lat' dir='ltr'>potius</span> 
     </span>
     <span class='ocr_line' id='line_1_10' title="bbox 98 1465 1158 1551; baseline 0.004 -25"><span class='ocrx_word' id='word_1_70' title='bbox 98 1488 193 1549; x_wconf 88' lang='lat' dir='ltr'>qnam</span> <span class='ocrx_word' id='word_1_71' title='bbox 216 1486 250 1531; x_wconf 91' lang='lat' dir='ltr'>se</span> <span class='ocrx_word' id='word_1_72' title='bbox 273 1465 480 1529; x_wconf 86' lang='lat' dir='ltr'>facultatibus</span> <span class='ocrx_word' id='word_1_73' title='bbox 505 1465 556 1528; x_wconf 80' lang='lat' dir='ltr'>vel</span> <span class='ocrx_word' id='word_1_74' title='bbox 580 1465 642 1527; x_wconf 87' lang='lat' dir='ltr'>alia</span> <span class='ocrx_word' id='word_1_75' title='bbox 666 1466 705 1528; x_wconf 92' lang='lat' dir='ltr'>de</span> <span class='ocrx_word' id='word_1_76' title='bbox 729 1486 828 1529; x_wconf 88' lang='lat' dir='ltr'>causa</span> <span class='ocrx_word' id='word_1_77' title='bbox 851 1469 881 1529; x_wconf 88' lang='lat' dir='ltr'>ei</span> <span class='ocrx_word' id='word_1_78' title='bbox 905 1468 1035 1530; x_wconf 90' lang='lat' dir='ltr'>muneri</span> <span class='ocrx_word' id='word_1_79' title='bbox 1055 1470 1158 1551; x_wconf 80' lang='lat' dir='ltr'>magis</span> 
     </span>
     <span class='ocr_line' id='line_1_11' title="bbox 96 1572 1157 1655; baseline 0 -18"><span class='ocrx_word' id='word_1_80' title='bbox 96 1576 244 1637; x_wconf 91' lang='lat' dir='ltr'>idoneum</span> <span class='ocrx_word' id='word_1_81' title='bbox 269 1592 337 1637; x_wconf 88' lang='lat' dir='ltr'>esse</span> <span class='ocrx_word' id='word_1_82' title='bbox 361 1574 568 1653; x_wconf 85' lang='lat' dir='ltr'>existimaret,</span> <span class='ocrx_word' id='word_1_83' title='bbox 596 1572 667 1635; x_wconf 90' lang='lat' dir='ltr'>iure</span> <span class='ocrx_word' id='word_1_84' title='bbox 691 1592 764 1635; x_wconf 90' lang='lat' dir='ltr'>cum</span> <span class='ocrx_word' id='word_1_85' title='bbox 788 1573 844 1635; x_wconf 92' lang='lat' dir='ltr'>illo</span> <span class='ocrx_word' id='word_1_86' title='bbox 868 1574 1083 1655; x_wconf 79' lang='lat' dir='ltr'>contenderet,</span> <span class='ocrx_word' id='word_1_87' title='bbox 1107 1576 1157 1637; x_wconf 89' lang='lat' dir='ltr'>sin</span> 
     </span>
     <span class='ocr_line' id='line_1_12' title="bbox 95 1676 1158 1765; baseline 0.001 -22"><span class='ocrx_word' id='word_1_88' title='bbox 95 1683 212 1761; x_wconf 88' lang='lat' dir='ltr'>minus,</span> <span class='ocrx_word' id='word_1_89' title='bbox 235 1682 295 1742; x_wconf 88' lang='lat' dir='ltr'>rite</span> <span class='ocrx_word' id='word_1_90' title='bbox 319 1686 351 1741; x_wconf 90' lang='lat' dir='ltr'>et</span> <span class='ocrx_word' id='word_1_91' title='bbox 373 1680 521 1762; x_wconf 84' lang='lat' dir='ltr'>legitime</span> <span class='ocrx_word' id='word_1_92' title='bbox 537 1678 640 1741; x_wconf 85' lang='lat' dir='ltr'>lectus</span> <span class='ocrx_word' id='word_1_93' title='bbox 663 1676 885 1758; x_wconf 59' lang='lat' dir='ltr'>haberetun‘b</span> <span class='ocrx_word' id='word_1_94' title='bbox 930 1678 1029 1743; x_wconf 86' lang='lat' dir='ltr'>Recte</span> <span class='ocrx_word' id='word_1_95' title='bbox 1056 1680 1158 1765; x_wconf 83' lang='lat' dir='ltr'>Saup</span> 
     </span>
     <span class='ocr_line' id='line_1_13' title="bbox 92 1782 1158 1871; baseline 0.001 -22"><span class='ocrx_word' id='word_1_96' title='bbox 92 1790 168 1871; x_wconf 88' lang='lat' dir='ltr'>pius</span> <span class='ocrx_word' id='word_1_97' title='bbox 190 1786 378 1849; x_wconf 82' lang='lat' dir='ltr'>Hermanno</span> <span class='ocrx_word' id='word_1_98' title='bbox 398 1782 583 1869; x_wconf 79' lang='lat' dir='ltr'>opposuit,3)</span> <span class='ocrx_word' id='word_1_99' title='bbox 601 1785 641 1847; x_wconf 90' lang='lat' dir='ltr'>ad</span> <span class='ocrx_word' id='word_1_100' title='bbox 656 1786 912 1849; x_wconf 91' lang='lat' dir='ltr'>iurisdictionem</span> <span class='ocrx_word' id='word_1_101' title='bbox 927 1791 1062 1849; x_wconf 85' lang='lat' dir='ltr'>ventum</span> <span class='ocrx_word' id='word_1_102' title='bbox 1078 1806 1158 1865; x_wconf 89' lang='lat' dir='ltr'>esse,</span> 
     </span>
     <span class='ocr_line' id='line_1_14' title="bbox 94 1892 1158 1974; baseline 0 -18"><span class='ocrx_word' id='word_1_103' title='bbox 94 1894 151 1957; x_wconf 88' lang='lat' dir='ltr'>ubi</span> <span class='ocrx_word' id='word_1_104' title='bbox 173 1913 238 1956; x_wconf 91' lang='lat' dir='ltr'>non</span> <span class='ocrx_word' id='word_1_105' title='bbox 261 1911 393 1955; x_wconf 90' lang='lat' dir='ltr'>necesse</span> <span class='ocrx_word' id='word_1_106' title='bbox 417 1901 508 1970; x_wconf 89' lang='lat' dir='ltr'>esset,</span> <span class='ocrx_word' id='word_1_107' title='bbox 531 1892 720 1955; x_wconf 85' lang='lat' dir='ltr'>incredibite</span> <span class='ocrx_word' id='word_1_108' title='bbox 750 1912 834 1970; x_wconf 79' lang='lat' dir='ltr'>esse3</span> <span class='ocrx_word' id='word_1_109' title='bbox 871 1899 967 1974; x_wconf 89' lang='lat' dir='ltr'>atque</span> <span class='ocrx_word' id='word_1_110' title='bbox 993 1894 1158 1956; x_wconf 90' lang='lat' dir='ltr'>interdum</span> 
     </span>
     <span class='ocr_line' id='line_1_15' title="bbox 94 1992 1156 2087; baseline 0.002 -24"><span class='ocrx_word' id='word_1_111' title='bbox 94 2020 159 2063; x_wconf 87' lang='lat' dir='ltr'>nou</span> <span class='ocrx_word' id='word_1_112' title='bbox 198 2018 328 2063; x_wconf 90' lang='lat' dir='ltr'>necesse</span> <span class='ocrx_word' id='word_1_113' title='bbox 371 1997 483 2077; x_wconf 87' lang='lat' dir='ltr'>fuisse,</span> <span class='ocrx_word' id='word_1_114' title='bbox 531 2018 548 2061; x_wconf 90' lang='lat' dir='ltr'>e</span> <span class='ocrx_word' id='word_1_115' title='bbox 584 1998 692 2061; x_wconf 86' lang='lat' dir='ltr'>verbis</span> <span class='ocrx_word' id='word_1_116' title='bbox 731 1992 752 2087; x_wconf 77' lang='grc' dir='ltr'>ἢ</span> <span class='ocrx_word' id='word_1_117' title='bbox 791 1994 958 2063; x_wconf 73' lang='grc' dir='ltr'><strong><em>πείθοντα</em></strong></span> <span class='ocrx_word' id='word_1_118' title='bbox 998 2000 1156 2065; x_wconf 89' lang='lat' dir='ltr'>videmus.</span> 
     </span>
     <span class='ocr_line' id='line_1_16' title="bbox 94 2102 1158 2187; baseline 0.002 -18"><span class='ocrx_word' id='word_1_119' title='bbox 94 2107 169 2169; x_wconf 87' lang='lat' dir='ltr'>Fuit</span> <span class='ocrx_word' id='word_1_120' title='bbox 214 2106 346 2169; x_wconf 84' lang='lat' dir='ltr'>fortasse</span> <span class='ocrx_word' id='word_1_121' title='bbox 394 2106 490 2167; x_wconf 90' lang='lat' dir='ltr'>etiam</span> <span class='ocrx_word' id='word_1_122' title='bbox 537 2104 702 2187; x_wconf 90' lang='lat' dir='ltr'>equitibus</span> <span class='ocrx_word' id='word_1_123' title='bbox 747 2106 802 2167; x_wconf 89' lang='lat' dir='ltr'>illa</span> <span class='ocrx_word' id='word_1_124' title='bbox 844 2102 1057 2185; x_wconf 83' lang='grc' dir='ltr'><strong><em>διαδικασία,</em></strong></span> <span class='ocrx_word' id='word_1_125' title='bbox 1102 2108 1158 2171; x_wconf 90' lang='lat' dir='ltr'>sed</span> 
     </span>
     <span class='ocr_line' id='line_1_17' title="bbox 95 2211 1158 2295; baseline 0.001 -19"><span class='ocrx_word' id='word_1_126' title='bbox 95 2234 149 2277; x_wconf 89' lang='lat' dir='ltr'>eos</span> <span class='ocrx_word' id='word_1_127' title='bbox 172 2218 300 2275; x_wconf 90' lang='lat' dir='ltr'>tantum</span> <span class='ocrx_word' id='word_1_128' title='bbox 324 2212 364 2273; x_wconf 89' lang='lat' dir='ltr'>ad</span> <span class='ocrx_word' id='word_1_129' title='bbox 399 2211 487 2275; x_wconf 91' lang='lat' dir='ltr'>illam</span> <span class='ocrx_word' id='word_1_130' title='bbox 518 2213 635 2275; x_wconf 90' lang='lat' dir='ltr'>missos</span> <span class='ocrx_word' id='word_1_131' title='bbox 669 2230 739 2275; x_wconf 91' lang='lat' dir='ltr'>esse</span> <span class='ocrx_word' id='word_1_132' title='bbox 763 2212 972 2294; x_wconf 82' lang='lat' dir='ltr'>cogitandum</span> <span class='ocrx_word' id='word_1_133' title='bbox 996 2219 1053 2294; x_wconf 88' lang='lat' dir='ltr'>est,</span> <span class='ocrx_word' id='word_1_134' title='bbox 1076 2234 1158 2295; x_wconf 90' lang='lat' dir='ltr'>quos</span> 
     </span>
     <span class='ocr_line' id='line_1_18' title="bbox 92 2319 1178 2404; baseline 0 -21"><span class='ocrx_word' id='word_1_135' title='bbox 92 2320 317 2404; x_wconf 86' lang='lat' dir='ltr'>persuadendo</span> <span class='ocrx_word' id='word_1_136' title='bbox 348 2319 541 2401; x_wconf 87' lang='lat' dir='ltr'>hipparchus</span> <span class='ocrx_word' id='word_1_137' title='bbox 574 2324 610 2381; x_wconf 94' lang='lat' dir='ltr'>ut</span> <span class='ocrx_word' id='word_1_138' title='bbox 637 2321 827 2401; x_wconf 78' lang='lat' dir='ltr'>equitarent,</span> <span class='ocrx_word' id='word_1_139' title='bbox 859 2338 1060 2383; x_wconf 78' lang='lat' dir='ltr'>commovere</span> <span class='ocrx_word' id='word_1_140' title='bbox 1092 2330 1178 2383; x_wconf 89' lang='lat' dir='ltr'>non·</span> 
     </span>
     <span class='ocr_line' id='line_1_19' title="bbox 92 2425 1158 2511; baseline 0.002 -22"><span class='ocrx_word' id='word_1_141' title='bbox 92 2432 209 2511; x_wconf 91' lang='lat' dir='ltr'>posset,</span> <span class='ocrx_word' id='word_1_142' title='bbox 243 2428 365 2509; x_wconf 90' lang='lat' dir='ltr'>quique</span> <span class='ocrx_word' id='word_1_143' title='bbox 396 2425 475 2487; x_wconf 89' lang='lat' dir='ltr'>alios</span> <span class='ocrx_word' id='word_1_144' title='bbox 508 2426 610 2508; x_wconf 85' lang='lat' dir='ltr'>magis</span> <span class='ocrx_word' id='word_1_145' title='bbox 642 2426 776 2489; x_wconf 89' lang='lat' dir='ltr'>idoneos</span> <span class='ocrx_word' id='word_1_146' title='bbox 807 2445 878 2489; x_wconf 90' lang='lat' dir='ltr'>esse</span> <span class='ocrx_word' id='word_1_147' title='bbox 904 2427 1158 2509; x_wconf 90' lang='lat' dir='ltr'>praetenderent.</span> 
     </span>
     <span class='ocr_line' id='line_1_20' title="bbox 91 2525 1159 2617; baseline 0.001 -20"><span class='ocrx_word' id='word_1_148' title='bbox 91 2536 204 2615; x_wconf 88' lang='lat' dir='ltr'>Atque</span> <span class='ocrx_word' id='word_1_149' title='bbox 228 2553 301 2595; x_wconf 92' lang='lat' dir='ltr'>cum</span> <span class='ocrx_word' id='word_1_150' title='bbox 325 2536 436 2615; x_wconf 85' lang='lat' dir='ltr'>pergat</span> <span class='ocrx_word' id='word_1_151' title='bbox 458 2530 641 2614; x_wconf 88' lang='lat' dir='ltr'>Xenophon</span> <span class='ocrx_word' id='word_1_152' title='bbox 664 2534 697 2613; x_wconf 62' lang='grc' dir='ltr'>(ἓ</span> <span class='ocrx_word' id='word_1_153' title='bbox 724 2531 793 2616; x_wconf 81' lang='grc'>10);</span> <span class='ocrx_word' id='word_1_154' title='bbox 829 2527 891 2617; x_wconf 72' lang='grc' dir='ltr'>ἐγώ</span> <span class='ocrx_word' id='word_1_155' title='bbox 924 2530 960 2597; x_wconf 83' lang='grc' dir='ltr'>δὲ</span> <span class='ocrx_word' id='word_1_156' title='bbox 993 2525 1088 2615; x_wconf 81' lang='grc' dir='ltr'><strong><em>οἶμαι</em></strong></span> <span class='ocrx_word' id='word_1_157' title='bbox 1111 2530 1159 2611; x_wconf 80' lang='grc' dir='ltr'>εἷς</span> 
     </span>
     <span class='ocr_line' id='line_1_21' title="bbox 89 2630 1158 2727; baseline 0.001 -24"><span class='ocrx_word' id='word_1_158' title='bbox 89 2638 152 2722; x_wconf 81' lang='grc' dir='ltr'>μὲν</span> <span class='ocrx_word' id='word_1_159' title='bbox 187 2633 225 2703; x_wconf 84' lang='grc' dir='ltr'>τὸ</span> <span class='ocrx_word' id='word_1_160' title='bbox 260 2633 472 2723; x_wconf 82' lang='grc' dir='ltr'><strong><em>δικαστήριον</em></strong></span> <span class='ocrx_word' id='word_1_161' title='bbox 506 2634 636 2715; x_wconf 62' lang='lat' dir='ltr'>reinone</span> <span class='ocrx_word' id='word_1_162' title='bbox 670 2634 839 2703; x_wconf 78' lang='grc' dir='ltr'><strong><em>εἰσακτέον</em></strong></span> <span class='ocrx_word' id='word_1_163' title='bbox 881 2630 975 2716; x_wconf 81' lang='grc' dir='ltr'><strong><em>εἶναι,</em></strong></span> <span class='ocrx_word' id='word_1_164' title='bbox 1021 2631 1075 2717; x_wconf 72' lang='grc' dir='ltr'>οὓς</span> <span class='ocrx_word' id='word_1_165' title='bbox 1112 2636 1158 2727; x_wconf 78' lang='grc' dir='ltr'>μὴ</span> 
     </span>
     <span class='ocr_line' id='line_1_22' title="bbox 88 2735 1158 2833; baseline -0.001 -22"><span class='ocrx_word' id='word_1_166' title='bbox 88 2743 234 2832; x_wconf 78' lang='grc' dir='ltr'><em>εἰσάγων</em></span> <span class='ocrx_word' id='word_1_167' title='bbox 257 2735 297 2810; x_wconf 73' lang='lat' dir='ltr'>dv</span> <span class='ocrx_word' id='word_1_168' title='bbox 320 2769 371 2821; x_wconf 81' lang='grc' dir='ltr'>τις</span> <span class='ocrx_word' id='word_1_169' title='bbox 395 2740 451 2808; x_wconf 85' lang='grc' dir='ltr'>διὰ</span> <span class='ocrx_word' id='word_1_170' title='bbox 475 2742 586 2830; x_wconf 78' lang='grc' dir='ltr'><strong><em>κέρδος</em></strong></span> <span class='ocrx_word' id='word_1_171' title='bbox 610 2741 726 2830; x_wconf 76' lang='grc' dir='ltr'><strong><em>δοκοίη</em></strong></span> <span class='ocrx_word' id='word_1_172' title='bbox 746 2747 841 2809; x_wconf 78' lang='grc' dir='ltr'><strong><em>τοῦτο</em></strong></span> <span class='ocrx_word' id='word_1_173' title='bbox 864 2749 975 2810; x_wconf 87' lang='grc' dir='ltr'><strong><em>ποιεῖν</em></strong></span> <span class='ocrx_word' id='word_1_174' title='bbox 994 2766 1001 2778; x_wconf 84' lang='grc'><strong>’</strong></span> <span class='ocrx_word' id='word_1_175' title='bbox 1018 2744 1073 2810; x_wconf 86' lang='grc' dir='ltr'>καί</span> <span class='ocrx_word' id='word_1_176' title='bbox 1097 2742 1158 2833; x_wconf 75' lang='grc' dir='ltr'>γὰρ</span> 
     </span>
     <span class='ocr_line' id='line_1_23' title="bbox 87 2840 1158 2942; baseline -0.004 -23"><span class='ocrx_word' id='word_1_177' title='bbox 87 2856 163 2930; x_wconf 84' lang='grc' dir='ltr'><strong><em>τοῖς</em></strong></span> <span class='ocrx_word' id='word_1_178' title='bbox 197 2840 295 2941; x_wconf 78' lang='grc' dir='ltr'><strong><em>ἧττον</em></strong></span> <span class='ocrx_word' id='word_1_179' title='bbox 328 2848 516 2932; x_wconf 72' lang='grc' dir='ltr'><strong><em>δυναμένοις</em></strong></span> <span class='ocrx_word' id='word_1_180' title='bbox 549 2842 645 2927; x_wconf 65' lang='grc' dir='ltr'><strong><em>εὐθὺς</em></strong></span> <span class='ocrx_word' id='word_1_181' title='bbox 680 2846 720 2914; x_wconf 78' lang='lat' dir='ltr'>ib</span> <span class='ocrx_word' id='word_1_182' title='bbox 747 2846 798 2939; x_wconf 82' lang='grc' dir='ltr'>εἴη</span> <span class='ocrx_word' id='word_1_183' title='bbox 821 2843 1027 2939; x_wconf 75' lang='grc' dir='ltr'><strong><em>ἀποστροφὴ,</em></strong></span> <span class='ocrx_word' id='word_1_184' title='bbox 1055 2848 1086 2915; x_wconf 82' lang='grc' dir='ltr'>εἰ</span> <span class='ocrx_word' id='word_1_185' title='bbox 1112 2848 1158 2942; x_wconf 78' lang='grc' dir='ltr'>μὴ</span> 
     </span>
     <span class='ocr_line' id='line_1_24' title="bbox 87 2948 1158 3042; baseline -0.003 -17"><span class='ocrx_word' id='word_1_186' title='bbox 87 2956 167 3036; x_wconf 77' lang='grc' dir='ltr'><strong><em>τοὺς</em></strong></span> <span class='ocrx_word' id='word_1_187' title='bbox 192 2953 435 3034; x_wconf 77' lang='grc' dir='ltr'><strong><em>δυνατωτάτους</em></strong></span> <span class='ocrx_word' id='word_1_188' title='bbox 458 2953 608 3042; x_wconf 80' lang='grc' dir='ltr'><strong><em>πρώτους</em></strong></span> <span class='ocrx_word' id='word_1_189' title='bbox 631 2948 862 3042; x_wconf 75' lang='grc' dir='ltr'><strong><em>ἇναγιάζοις,4)</em></strong></span> <span class='ocrx_word' id='word_1_190' title='bbox 889 2957 967 3020; x_wconf 86' lang='lat' dir='ltr'>haec</span> <span class='ocrx_word' id='word_1_191' title='bbox 990 2958 1089 3021; x_wconf 77' lang='lat' dir='ltr'>verba</span> <span class='ocrx_word' id='word_1_192' title='bbox 1112 2961 1158 3022; x_wconf 83' lang='lat' dir='ltr'>ita</span> 
     </span>
     <span class='ocr_line' id='line_1_25' title="bbox 84 3066 1158 3148; baseline -0.001 -19"><span class='ocrx_word' id='word_1_193' title='bbox 84 3066 255 3148; x_wconf 78' lang='lat' dir='ltr'>intellego,</span> <span class='ocrx_word' id='word_1_194' title='bbox 280 3068 315 3127; x_wconf 90' lang='lat' dir='ltr'>ut</span> <span class='ocrx_word' id='word_1_195' title='bbox 339 3082 355 3127; x_wconf 92' lang='lat' dir='ltr'>e</span> <span class='ocrx_word' id='word_1_196' title='bbox 379 3084 515 3127; x_wconf 90' lang='lat' dir='ltr'>numero</span> <span class='ocrx_word' id='word_1_197' title='bbox 539 3083 658 3144; x_wconf 92' lang='lat' dir='ltr'>eorum,</span> <span class='ocrx_word' id='word_1_198' title='bbox 692 3066 748 3146; x_wconf 90' lang='lat' dir='ltr'>qui</span> <span class='ocrx_word' id='word_1_199' title='bbox 773 3066 917 3147; x_wconf 90' lang='lat' dir='ltr'>equitare</span> <span class='ocrx_word' id='word_1_200' title='bbox 940 3071 1099 3147; x_wconf 89' lang='lat' dir='ltr'>recusent,</span> <span class='ocrx_word' id='word_1_201' title='bbox 1122 3068 1158 3129; x_wconf 91' lang='lat' dir='ltr'>in</span> 
     </span>
     <span class='ocr_line' id='line_1_26' title="bbox 83 3171 1159 3254; baseline -0.002 -17"><span class='ocrx_word' id='word_1_202' title='bbox 83 3176 142 3237; x_wconf 89' lang='lat' dir='ltr'>ius</span> <span class='ocrx_word' id='word_1_203' title='bbox 169 3171 332 3234; x_wconf 87' lang='lat' dir='ltr'>vocandos</span> <span class='ocrx_word' id='word_1_204' title='bbox 357 3190 426 3233; x_wconf 92' lang='lat' dir='ltr'>esse</span> <span class='ocrx_word' id='word_1_205' title='bbox 450 3190 505 3234; x_wconf 90' lang='lat' dir='ltr'>eos</span> <span class='ocrx_word' id='word_1_206' title='bbox 527 3172 743 3254; x_wconf 89' lang='lat' dir='ltr'>potissimum,</span> <span class='ocrx_word' id='word_1_207' title='bbox 776 3171 832 3254; x_wconf 93' lang='lat' dir='ltr'>qui</span> <span class='ocrx_word' id='word_1_208' title='bbox 856 3171 997 3233; x_wconf 85' lang='lat' dir='ltr'>maxime</span> <span class='ocrx_word' id='word_1_209' title='bbox 1020 3172 1159 3254; x_wconf 87' lang='lat' dir='ltr'>valeant,</span> 
     </span>
    </p>
   </div>
   <div class='ocr_carea' id='block_1_3' title="bbox 83 3298 308 3307">
    <p class='ocr_par' dir='ltr' id='par_1_3' title="bbox 83 3298 308 3307">
     <span class='ocr_line' id='line_1_27' title="bbox 83 3298 308 3307; baseline -0.009 0"><span class='ocrx_word' id='word_1_210' title='bbox 83 3298 308 3307; x_wconf 44' lang='lat' dir='ltr'>...a—u*—</span> 
     </span>
    </p>
   </div>
   <div class='ocr_carea' id='block_1_4' title="bbox 45 3364 1160 4350">
    <p class='ocr_par' dir='ltr' id='par_1_4' title="bbox 202 3364 502 3433">
     <span class='ocr_line' id='line_1_28' title="bbox 202 3364 502 3433; baseline -0.007 -14"><span class='ocrx_word' id='word_1_211' title='bbox 202 3366 228 3433; x_wconf 84' lang='lat'>1)</span> <span class='ocrx_word' id='word_1_212' title='bbox 247 3364 396 3432; x_wconf 76' lang='lat' dir='ltr'>Deliquit.</span> <span class='ocrx_word' id='word_1_213' title='bbox 415 3381 440 3431; x_wconf 92' lang='lat' dir='ltr'>p.</span> <span class='ocrx_word' id='word_1_214' title='bbox 459 3366 502 3419; x_wconf 84' lang='lat'>22.</span> 
     </span>
    </p>

    <p class='ocr_par' dir='ltr' id='par_1_5' title="bbox 72 3451 1160 3705">
     <span class='ocr_line' id='line_1_29' title="bbox 201 3451 1158 3521; baseline -0.001 -14"><span class='ocrx_word' id='word_1_215' title='bbox 201 3454 228 3521; x_wconf 80' lang='lat'>2)</span> <span class='ocrx_word' id='word_1_216' title='bbox 247 3452 311 3511; x_wconf 86' lang='lat' dir='ltr'>Lex.</span> <span class='ocrx_word' id='word_1_217' title='bbox 331 3452 411 3521; x_wconf 82' lang='lat' dir='ltr'>Segu.</span> <span class='ocrx_word' id='word_1_218' title='bbox 440 3468 481 3521; x_wconf 89' lang='lat' dir='ltr'>ap.</span> <span class='ocrx_word' id='word_1_219' title='bbox 500 3452 653 3507; x_wconf 81' lang='lat' dir='ltr'>Bellorum</span> <span class='ocrx_word' id='word_1_220' title='bbox 672 3453 773 3507; x_wconf 87' lang='lat' dir='ltr'>Anecd.</span> <span class='ocrx_word' id='word_1_221' title='bbox 793 3468 871 3521; x_wconf 83' lang='lat' dir='ltr'>graec</span> <span class='ocrx_word' id='word_1_222' title='bbox 888 3452 910 3519; x_wconf 73' lang='grc' dir='ltr'>Ι,</span> <span class='ocrx_word' id='word_1_223' title='bbox 929 3469 954 3519; x_wconf 91' lang='lat' dir='ltr'>p.</span> <span class='ocrx_word' id='word_1_224' title='bbox 973 3453 1040 3507; x_wconf 80' lang='lat'>236:</span> <span class='ocrx_word' id='word_1_225' title='bbox 1068 3451 1158 3506; x_wconf 84' lang='grc' dir='ltr'><strong><em>Διαδι-</em></strong></span> 
     </span>
     <span class='ocr_line' id='line_1_30' title="bbox 76 3532 1160 3613; baseline -0.002 -16"><span class='ocrx_word' id='word_1_226' title='bbox 76 3550 182 3597; x_wconf 70' lang='grc' dir='ltr'><strong><em>κασίαῑ</em></strong></span> <span class='ocrx_word' id='word_1_227' title='bbox 206 3532 253 3607; x_wconf 55' lang='lat' dir='ltr'>oriz</span> <span class='ocrx_word' id='word_1_228' title='bbox 270 3540 358 3596; x_wconf 76' lang='grc' dir='ltr'><strong><em>ἁπλῶς</em></strong></span> <span class='ocrx_word' id='word_1_229' title='bbox 376 3541 448 3594; x_wconf 82' lang='grc' dir='ltr'><strong><em>πᾶσα</em></strong></span> <span class='ocrx_word' id='word_1_230' title='bbox 467 3539 522 3607; x_wconf 83' lang='grc' dir='ltr'><strong><em>διἰιη</em></strong></span> <span class='ocrx_word' id='word_1_231' title='bbox 542 3540 687 3595; x_wconf 63' lang='lat' dir='ltr'>iudanoma</span> <span class='ocrx_word' id='word_1_232' title='bbox 704 3540 826 3604; x_wconf 73' lang='grc' dir='ltr'><strong><em>καλεῖται,</em></strong></span> <span class='ocrx_word' id='word_1_233' title='bbox 846 3536 900 3592; x_wconf 71' lang='grc' dir='ltr'>ἀλλ’</span> <span class='ocrx_word' id='word_1_234' title='bbox 919 3546 949 3593; x_wconf 79' lang='grc' dir='ltr'>έν</span> <span class='ocrx_word' id='word_1_235' title='bbox 966 3541 1007 3597; x_wconf 79' lang='grc' dir='ltr'>αἷς</span> <span class='ocrx_word' id='word_1_236' title='bbox 1017 3549 1079 3613; x_wconf 77' lang='grc' dir='ltr'><strong><em>περί</em></strong></span> <span class='ocrx_word' id='word_1_237' title='bbox 1087 3564 1160 3600; x_wconf 75' lang='grc' dir='ltr'><strong><em>τινος</em></strong></span> 
     </span>
     <span class='ocr_line' id='line_1_31' title="bbox 72 3626 728 3705; baseline -0.005 -19"><span class='ocrx_word' id='word_1_238' title='bbox 72 3626 288 3705; x_wconf 66' lang='grc' dir='ltr'>ἀμφισβήτησίς</span> <span class='ocrx_word' id='word_1_239' title='bbox 306 3636 385 3693; x_wconf 75' lang='grc' dir='ltr'><strong><em>ἐστιν,</em></strong></span> <span class='ocrx_word' id='word_1_240' title='bbox 405 3626 461 3696; x_wconf 73' lang='grc' dir='ltr'><strong><em>ὅταν</em></strong></span> <span class='ocrx_word' id='word_1_241' title='bbox 479 3628 603 3700; x_wconf 78' lang='grc' dir='ltr'><strong><em>προσήκει</em></strong></span> <span class='ocrx_word' id='word_1_242' title='bbox 620 3629 728 3699; x_wconf 60' lang='lat' dir='ltr'>pulsor).</span> 
     </span>
    </p>

    <p class='ocr_par' dir='ltr' id='par_1_6' title="bbox 199 3718 533 3787">
     <span class='ocr_line' id='line_1_32' title="bbox 199 3718 533 3787; baseline 0 -14"><span class='ocrx_word' id='word_1_243' title='bbox 199 3719 228 3787; x_wconf 85' lang='lat'>3)</span> <span class='ocrx_word' id='word_1_244' title='bbox 247 3718 345 3773; x_wconf 93' lang='lat' dir='ltr'>Philol.</span> <span class='ocrx_word' id='word_1_245' title='bbox 364 3718 426 3773; x_wconf 82' lang='lat' dir='ltr'>XV.</span> <span class='ocrx_word' id='word_1_246' title='bbox 445 3735 471 3787; x_wconf 94' lang='lat' dir='ltr'>p.</span> <span class='ocrx_word' id='word_1_247' title='bbox 491 3721 533 3773; x_wconf 78' lang='lat'>71.</span> 
     </span>
    </p>

    <p class='ocr_par' dir='ltr' id='par_1_7' title="bbox 65 3806 1159 4054">
     <span class='ocr_line' id='line_1_33' title="bbox 197 3806 1159 3877; baseline -0.001 -16"><span class='ocrx_word' id='word_1_248' title='bbox 197 3808 228 3877; x_wconf 88' lang='grc'>4)</span> <span class='ocrx_word' id='word_1_249' title='bbox 251 3808 420 3861; x_wconf 87' lang='lat' dir='ltr'>Vocabulum</span> <span class='ocrx_word' id='word_1_250' title='bbox 446 3806 481 3877; x_wconf 69' lang='lat' dir='ltr'>pr}</span> <span class='ocrx_word' id='word_1_251' title='bbox 509 3824 525 3861; x_wconf 89' lang='lat' dir='ltr'>a</span> <span class='ocrx_word' id='word_1_252' title='bbox 551 3806 629 3861; x_wconf 88' lang='lat' dir='ltr'>libris</span> <span class='ocrx_word' id='word_1_253' title='bbox 662 3806 854 3874; x_wconf 87' lang='lat' dir='ltr'>manuscriptis</span> <span class='ocrx_word' id='word_1_254' title='bbox 881 3806 1011 3859; x_wconf 90' lang='lat' dir='ltr'>omissum</span> <span class='ocrx_word' id='word_1_255' title='bbox 1039 3806 1159 3860; x_wconf 87' lang='lat' dir='ltr'>restituit</span> 
     </span>
     <span class='ocr_line' id='line_1_34' title="bbox 69 3894 1159 3964; baseline -0.002 -11"><span class='ocrx_word' id='word_1_256' title='bbox 69 3896 275 3963; x_wconf 74' lang='lat' dir='ltr'>Camerarius,</span> <span class='ocrx_word' id='word_1_257' title='bbox 295 3898 343 3950; x_wconf 89' lang='lat' dir='ltr'>sed</span> <span class='ocrx_word' id='word_1_258' title='bbox 361 3897 451 3950; x_wconf 91' lang='lat' dir='ltr'>nescio</span> <span class='ocrx_word' id='word_1_259' title='bbox 470 3912 504 3949; x_wconf 87' lang='lat' dir='ltr'>an</span> <span class='ocrx_word' id='word_1_260' title='bbox 517 3897 581 3949; x_wconf 90' lang='lat' dir='ltr'>huic</span> <span class='ocrx_word' id='word_1_261' title='bbox 596 3896 776 3950; x_wconf 82' lang='lat' dir='ltr'>emendationi</span> <span class='ocrx_word' id='word_1_262' title='bbox 788 3894 1006 3963; x_wconf 85' lang='lat' dir='ltr'>praerferendum</span> <span class='ocrx_word' id='word_1_263' title='bbox 1024 3895 1067 3962; x_wconf 86' lang='lat' dir='ltr'>sit,</span> <span class='ocrx_word' id='word_1_264' title='bbox 1087 3898 1159 3964; x_wconf 91' lang='lat' dir='ltr'>quod</span> 
     </span>
     <span class='ocr_line' id='line_1_35' title="bbox 65 3976 1158 4054; baseline -0.003 -12"><span class='ocrx_word' id='word_1_265' title='bbox 65 3986 223 4042; x_wconf 51' lang='lat' dir='ltr'>[flur-erius</span> <span class='ocrx_word' id='word_1_266' title='bbox 246 3984 367 4052; x_wconf 87' lang='lat' dir='ltr'>coniecit,</span> <span class='ocrx_word' id='word_1_267' title='bbox 393 3986 440 4054; x_wconf 89' lang='lat' dir='ltr'>qui</span> <span class='ocrx_word' id='word_1_268' title='bbox 464 3976 545 4041; x_wconf 63' lang='grc' dir='ltr'><strong><em>εὐθύς</em></strong></span> <span class='ocrx_word' id='word_1_269' title='bbox 568 3976 615 4038; x_wconf 71' lang='grc' dir='ltr'>οὐκ</span> <span class='ocrx_word' id='word_1_270' title='bbox 633 3983 667 4037; x_wconf 72' lang='grc' dir='ltr'>ἂν</span> <span class='ocrx_word' id='word_1_271' title='bbox 685 3988 723 4053; x_wconf 81' lang='grc' dir='ltr'>εἴη</span> <span class='ocrx_word' id='word_1_272' title='bbox 747 3984 830 4038; x_wconf 87' lang='lat' dir='ltr'>scribi</span> <span class='ocrx_word' id='word_1_273' title='bbox 851 3982 946 4037; x_wconf 85' lang='lat' dir='ltr'>voluit.</span> <span class='ocrx_word' id='word_1_274' title='bbox 985 3983 1158 4039; x_wconf 82' lang='lat' dir='ltr'>Hermannus</span> 
     </span>
    </p>

    <p class='ocr_par' dir='ltr' id='par_1_8' title="bbox 44 4056 1158 4350">
     <span class='ocr_line' id='line_1_36' title="bbox 45 4063 1157 4147; baseline -0.003 -17.003"><span class='ocrx_word' id='word_1_275' title='bbox 45 4078 95 4147; x_wconf 84' lang='lat' dir='ltr'>(l</span> <span class='ocrx_word' id='word_1_276' title='bbox 118 4077 141 4130; x_wconf 91' lang='lat' dir='ltr'>l.</span> <span class='ocrx_word' id='word_1_277' title='bbox 168 4092 200 4144; x_wconf 87' lang='lat' dir='ltr'>p.</span> <span class='ocrx_word' id='word_1_278' title='bbox 215 4074 260 4142; x_wconf 81' lang='grc'>23)</span> <span class='ocrx_word' id='word_1_279' title='bbox 279 4063 400 4142; x_wconf 69' lang='grc' dir='ltr'><strong><em>οιίδαμιῦο</em></strong></span> <span class='ocrx_word' id='word_1_280' title='bbox 418 4072 452 4126; x_wconf 74' lang='grc' dir='ltr'>ίίν</span> <span class='ocrx_word' id='word_1_281' title='bbox 471 4077 509 4141; x_wconf 81' lang='grc' dir='ltr'>εἴη</span> <span class='ocrx_word' id='word_1_282' title='bbox 527 4066 686 4145; x_wconf 70' lang='grc' dir='ltr'><strong><em>ἀποστροφή</em></strong></span> <span class='ocrx_word' id='word_1_283' title='bbox 706 4073 879 4127; x_wconf 81' lang='lat' dir='ltr'>scribendum</span> <span class='ocrx_word' id='word_1_284' title='bbox 896 4086 955 4125; x_wconf 76' lang='lat' dir='ltr'>esse</span> <span class='ocrx_word' id='word_1_285' title='bbox 974 4073 1096 4140; x_wconf 67' lang='lat' dir='ltr'>coniecit,</span> <span class='ocrx_word' id='word_1_286' title='bbox 1116 4076 1157 4127; x_wconf 77' lang='lat' dir='ltr'>at·</span> 
     </span>
     <span class='ocr_line' id='line_1_37' title="bbox 45 4152 1158 4257; baseline -0.006 -36"><span class='ocrx_word' id='word_1_287' title='bbox 45 4152 173 4257; x_wconf 65' lang='lat' dir='ltr'>&#39;piamen</span> <span class='ocrx_word' id='word_1_288' title='bbox 194 4160 236 4232; x_wconf 77' lang='grc' dir='ltr'>μὴ</span> <span class='ocrx_word' id='word_1_289' title='bbox 256 4164 396 4231; x_wconf 84' lang='lat' dir='ltr'>propterea</span> <span class='ocrx_word' id='word_1_290' title='bbox 415 4178 430 4217; x_wconf 88' lang='lat' dir='ltr'>a</span> <span class='ocrx_word' id='word_1_291' title='bbox 450 4161 566 4216; x_wconf 88' lang='lat' dir='ltr'>librariis</span> <span class='ocrx_word' id='word_1_292' title='bbox 584 4162 714 4215; x_wconf 88' lang='lat' dir='ltr'>omissum</span> <span class='ocrx_word' id='word_1_293' title='bbox 733 4178 792 4215; x_wconf 90' lang='lat' dir='ltr'>esse</span> <span class='ocrx_word' id='word_1_294' title='bbox 810 4162 923 4230; x_wconf 79' lang='lat' dir='ltr'>putavit,</span> <span class='ocrx_word' id='word_1_295' title='bbox 947 4162 1029 4230; x_wconf 87' lang='lat' dir='ltr'>„quia</span> <span class='ocrx_word' id='word_1_296' title='bbox 1046 4162 1158 4232; x_wconf 87' lang='lat' dir='ltr'>opulen-</span> 
     </span>
     <span class='ocr_line' id='line_1_38' title="bbox 47 4250 821 4350; baseline -0.009 -41"><span class='ocrx_word' id='word_1_297' title='bbox 47 4252 203 4350; x_wconf 60' lang='lat' dir='ltr'>ptissimis</span> <span class='ocrx_word' id='word_1_298' title='bbox 226 4250 338 4317; x_wconf 69' lang='lat' dir='ltr'>adactis</span> <span class='ocrx_word' id='word_1_299' title='bbox 357 4250 465 4305; x_wconf 86' lang='lat' dir='ltr'>liberari</span> <span class='ocrx_word' id='word_1_300' title='bbox 483 4265 613 4319; x_wconf 89' lang='lat' dir='ltr'>pauperes</span> <span class='ocrx_word' id='word_1_301' title='bbox 631 4250 821 4305; x_wconf 75' lang='lat' dir='ltr'>uidebantur.“</span> 
     </span>
    </p>
   </div>
   <div class='ocr_carea' id='block_1_5' title="bbox 0 0 1488 4917">
    <p class='ocr_par' dir='ltr' id='par_1_9' title="bbox 0 0 1488 4917">
     <span class='ocr_line' id='line_1_39' title="bbox 0 0 1488 4917; baseline 0 5"><span class='ocrx_word' id='word_1_302' title='bbox 0 0 1488 4917; x_wconf 95' lang='lat' dir='ltr'> </span> 
     </span>
    </p>
   </div>
  </div>
 </body>
</html>
