2967 4917
818 426 860 489 34

818 614 858 679 V.

600 742 644 811 ha
667 740 791 827 ponpis
815 739 1077 826 panathenaicis.

410 864 600 929 interfuisse
619 867 743 947 equites
767 865 892 947 pompis
915 864 1155 945 panathenaicis
1183 871 1215 927 et
1238 866 1363 948 scripto-

305 993 375 1035 rum
412 977 443 1035 et
477 974 552 1036 artis
587 973 702 1035 veteris
735 974 946 1033 monumenta
980 970 1065 1032 clare
1093 971 1277 1034 ostendunt.
1322 970 1365 1034 De

304 1078 364 1142 hac
387 1098 422 1142 re
445 1078 578 1141 brevius
603 1077 760 1141 disserere
784 1078 862 1139 mihi
884 1077 986 1157 liceat,
1009 1095 1084 1140 cum
1109 1077 1149 1139 iis
1174 1097 1256 1159 quae
1272 1078 1365 1141 Adol-

303 1185 358 1273 ius
394 1184 560 1248 Michaelis
594 1190 691 1267 atque
724 1182 757 1247 O.
783 1182 994 1246 Wachsmuth
1016 1182 1256 1265 protulerunt,1)
1287 1204 1367 1247 nova

309 1292 427 1355 addere
451 1292 509 1353 vix
530 1293 658 1376 possim.
705 1290 920 1355 Parthenonis
943 1290 1107 1372 reliquias,
1133 1310 1215 1372 quae
1236 1291 1295 1353 fati
1317 1309 1368 1353 ve

305 1398 359 1460 nia
382 1396 475 1461 nobis
499 1404 643 1460 servatae
667 1401 752 1473 sunt,
786 1398 871 1459 inter
904 1396 982 1458 alias
1015 1415 1066 1459 res
1089 1396 1130 1459 ad
1152 1396 1249 1460 ferias
1272 1416 1368 1479 pana-

306 1505 470 1567 thenaieas
511 1508 690 1585 spectantes
730 1504 826 1566 etiam
861 1504 1008 1585 equitum
1042 1508 1164 1567 turmas
1203 1522 1369 1586 expressas
1472 1489 1473 1520 ³

307 1612 483 1686 continere,
497 1612 703 1673 notissimum
717 1614 779 1687 est3
805 1630 886 1692 quas
909 1610 1062 1690 reliquias
1078 1609 1216 1673 Adolfus
1232 1608 1371 1672 Michae-

307 1715 348 1779 lis
371 1715 463 1791 libro,
488 1717 542 1779 cui
563 1716 756 1799 inscriptum
781 1721 845 1778 est:
872 1713 958 1791 „Der
974 1715 1178 1779 Parthenon“
1204 1718 1322 1799 optime
1342 1723 1372 1779 et

287 1816 289 1820 ’
309 1823 478 1905 descripsit
500 1828 531 1885 et
555 1824 721 1905 expressit,
747 1841 841 1904 quem
867 1823 906 1884 ad
922 1822 1052 1898 librum,
1070 1824 1126 1905 qui
1143 1824 1372 1885 accuratiorem

307 1929 406 1991 huius
429 1930 475 1991 rei
500 1930 662 1992 scientiam
681 1928 755 1991 ,sihi
779 1948 961 2011 comparere
985 1928 1124 2003 student,
1154 1929 1306 2012 delegem.
1331 1966 1372 1975 -

309 2034 403 2109 Quod
425 2036 509 2099 inter
532 2037 679 2117 equitum
702 2055 834 2117 pompas
857 2040 984 2119 praeter
1007 2037 1131 2119 equites
1154 2036 1224 2117 pari
1247 2040 1374 2098 armatu

309 2140 509 2224 exornatosi)
533 2144 628 2205 etiam
652 2143 750 2204 variis
773 2141 917 2205 vestibus
939 2138 1098 2219 indutos3)
1125 2142 1282 2217 videmus,
1315 2142 1374 2204 hos
1472 2141 1473 2204 l

307 2268 374 2311 non
393 2238 549 2331 equitatui
560 2249 753 2312 Atheniensi
775 2248 973 2326 tribuendos,
996 2249 1052 2311 sed
1068 2248 1216 2312 homines
1233 2250 1375 2331 privatos
1472 2265 1473 2342 ρ

309 2356 489 2437 equitatum
505 2360 676 2438 sequentes
689 2356 922 2438 intellegendos
938 2375 1018 2431 esse,
1043 2354 1209 2419 Michaelis
1225 2351 1376 2434 docuit.4)

311 2459 405 2537 Quod
436 2463 548 2524 attinet
579 2450 618 2525 ad
647 2464 837 2545 scriptorum
872 2464 1055 2525 testimonia
1088 2463 1228 2545 primum
1263 2460 1377 2525 Xeno-

310 2568 462 2651 phontem
479 2568 660 2645 audiamus
697 2571 753 2652 qui
773 2568 959 2652 (Hipparoh.
978 2567 1037 2649 111,
1055 2571 1097 2651 1.)
1120 2567 1223 2632 scinde
1246 2590 1280 2653 pa
1302 2563 1377 2655 μὴν,

309 2674 427 2755 inquit,
464 2665 553 2759 ἀντῷ
580 2664 641 2762 ἤδη
669 2673 780 2757 μέλειν
803 2675 853 2739 δεῖ
876 2676 924 2761 τῷ
949 2670 1136 2759 ἱππάρχιμ·
1161 2676 1295 2761 πρῶτον
1316 2672 1379 2757 μὲν

311 2772 404 2857 ὅπως
435 2776 638 2869 actitantium
675 2786 745 2859 τοῖς
771 2784 865 2858 θεοῖς
894 2774 976 2866 ὑπὲρ
1000 2782 1057 2844 τοῦ
1080 2776 1232 2859 ἱππικοῦ,
1256 2776 1381 2845 ἔπειτα
1472 2869 1473 2872 ¹

311 2878 404 2961 ὅπως
439 2880 498 2963 τὰς
531 2884 672 2969 πομπὰς
699 2885 732 2953 ἐν
755 2892 829 2966 ταῖς
851 2883 980 2974 ἑορταῖς
1002 2883 1218 2967 οἷξιοθεάνονς
1240 2884 1381 2976 ποιήσει
1472 2923 1473 2930 ν

311 3015 339 3055 κ.
364 3015 391 3055 ι.
415 2991 442 3055 λ.
466 3030 510 3038 -
543 2993 681 3077 Pompas
705 3000 736 3059 et
760 2995 821 3057 diis
854 2998 884 3057 et
914 2994 1145 3077 spectatoribus
1176 2995 1382 3077 gratissimas

310 3098 379 3161 fore
402 3098 584 3184 Xenophon
608 3100 821 3182 arbitratur,⁵)
852 3103 881 3165 ai
904 3107 1064 3185 quotquot
1087 3101 1219 3164 deorum
1242 3100 1384 3163 fana-ac

418 3275 444 3344 1)
464 3275 619 3330 Michaelis:
639 3277 694 3330 Der
706 3277 860 3331 Parthenon
878 3297 903 3346 p.
915 3279 967 3334 215
977 3294 1050 3345 seqq.
1064 3279 1124 3344 etp.
1136 3277 1195 3330 331.
1220 3276 1249 3334 C,
1259 3276 1383 3330 Wachs-

310 3364 399 3417 muth:
422 3364 473 3417 Die
493 3363 569 3418 Stadt
588 3366 678 3419 Athen
696 3366 736 3419 im
754 3366 906 3420 Alterthum
926 3384 951 3435 p.
971 3366 1116 3435 conseqq.

417 3454 444 3521 2)
463 3452 604 3507 Michaelis
622 3455 675 3509 tab.
696 3455 738 3510 10.

418 3543 446 3610 3)
466 3542 566 3595 ibidem
586 3543 638 3598 tab.
659 3544 700 3598 13.

417 3631 445 3698 4)
464 3630 563 3684 ibidem
581 3648 641 3701 pag.
661 3634 721 3689 216.
774 3640 778 3644 ’

419 3722 446 3788 5)
465 3720 610 3789 Hippaioh.
630 3722 679 3788 IH,
698 3725 723 3777 2.
766 3722 814 3777 Τὰς
837 3727 887 3791 μὲν
912 3713 960 3776 οὖν
983 3720 1091 3790 πομπὰς
1115 3723 1186 3787 οἶμαι
1209 3717 1244 3772 ἂν
1261 3727 1304 3771 καὶ
1322 3725 1389 3774 τοῖς

309 3810 388 3865 θεοῖο
405 3807 661 3879 naxanceni-:comicas
678 3819 721 3864 καὶ
738 3818 796 3867 τοῖς
815 3813 926 3868 θεαταῖς
943 3814 1016 3874 εἶναι,
1035 3815 1058 3865 εἰ
1075 3809 1148 3864 ὅροιν
1162 3807 1218 3879 ἱερὰ
1236 3814 1277 3860 καὶ
1296 3800 1389 3879 ἀμάλ-

309 3918 382 3965 ματοι
411 3905 441 3951 ἔν
470 3899 507 3970 τῇ
537 3890 622 3971 ἀγορᾷ
649 3904 706 3953 ἐστι
730 3901 817 3953 ταῦτα
840 3892 983 3971 ἀρξάμενοι
1004 3892 1057 3954 ἀπὸ
1081 3900 1138 3953 τῶν
1159 3893 1262 3968 Ἑρμῶν
1292 3893 1388 3962 κύκλῳ

240 3986 241 3989 '
312 3986 371 4055 περὶ
387 3984 438 4053 τὴν
456 3978 557 4058 ἀγορὰν
575 3995 614 4041 uni
632 3986 667 4042 τὰ
684 3988 740 4058 ἱερὰ
759 3983 952 4059 περιελαύνοιεν
969 3990 1097 4058 τιμῶντος
1114 3989 1176 4042 τούς
1196 3983 1296 4040 ceole.
1317 4026 1324 4039 .
1348 4028 1355 4040 .
1381 4030 1388 4042 .

311 4063 434 4129 'matida
452 4074 480 4127 δι’
498 4072 577 4130 πάλιν
594 4075 659 4147 πρὸς
676 4083 733 4133 τοῖς
744 4072 848 4147 Ἑρμαῖς
864 4084 995 4148 γένωνται
1011 4073 1228 4147 περιεληλακότις,
1246 4069 1390 4130 ἐντεῦθεν

240 4218 244 4227 ,
312 4160 455 4233 καλόνμοι
472 4162 627 4219 donatellae
644 4165 711 4219 κατὰ
729 4166 811 4239 φυλὰς
828 4170 862 4223 ais
879 4164 958 4233 τάχος
980 4158 1081 4219 ἀνιέναι
1104 4163 1167 4221 τοὺς
1190 4164 1286 4217 ἵππους
1306 4166 1397 4232 μέχρι

313 4251 363 4305 τοῦ
380 4243 543 4307 Ἐλευσινίου.
