2967 4917
790 432 831 493 22

279 641 341 705 que
366 621 474 705 quinis
497 620 646 685 tribubus
677 620 855 705 praefuisse
883 618 1075 702 videnturl)
1120 620 1337 705 Hipparchum

278 746 352 791 eum
376 732 504 791 tantum
526 729 628 791 creari
643 728 796 811 potuisse,
821 728 878 809 qui
894 726 1027 789 militiae
1043 730 1184 809 equestri
1204 730 1336 795 idoneus

278 839 370 916 esset,
397 830 610 915 Hermanno)
640 834 760 898 scilicet
792 832 1036 896 concedendum
1064 833 1132 914 erit,
1161 854 1236 898 cum
1264 856 1336 900 vero

276 941 383 1023 ipsum
412 940 621 1023 hipparchum
650 941 716 1003 iam
746 944 841 1001 antea
872 940 1014 1021 equitem
1051 939 1152 1003 fuisse
1185 952 1335 1025 oportere,

276 1046 492 1128 contenderet,
522 1065 719 1129 quamquam
743 1046 934 1129 plerumque
961 1047 1103 1109 remita
1132 1065 1166 1109 se
1188 1047 1336 1113 habuisse

276 1158 529 1216 consentancum
564 1156 620 1233 est,
657 1152 712 1215 lex
740 1152 805 1233 iila,
844 1170 942 1233 quam
973 1171 1016 1215 ex
1043 1151 1182 1233 Syriano
1214 1154 1336 1219 rhetore

275 1259 382 1322 attulit
397 1254 598 1342 Meursius3),
622 1277 750 1341 quaque
773 1258 865 1321 nisus
888 1262 935 1321 est
954 1256 1174 1340 Hermanuus,
1197 1260 1237 1323 ad
1261 1268 1336 1324 stra-

275 1369 365 1449 tegos
388 1369 514 1427 tantum
538 1366 673 1447 spectari
697 1364 836 1445 videtur,
858 1382 925 1426 non
948 1364 988 1427 ad
1012 1365 1217 1449 hippo-rohos,
1242 1373 1337 1450 atquo

274 1476 430 1554 strategos
470 1490 598 1553 quoque
636 1476 760 1534 creatos
798 1488 869 1533 esse
906 1471 1086 1552 interdum,
1124 1472 1206 1553 quin
1244 1479 1336 1537 antea

273 1578 475 1657 militassent,
501 1576 553 1639 hic
580 1577 672 1641 locus
695 1574 982 1659 Xenophonteus⁴l
1007 1578 1113 1642 docet:
1141 1570 1335 1668 Ἀντισθένη

271 1681 319 1763 δὲ,
354 1678 425 1772 ἔφη,
461 1682 584 1747 εἵλοντο
617 1678 674 1747 τὸν
705 1673 777 1747 οἵτε
805 1675 944 1771 ὁπλίτην
972 1708 1029 1747 πιο
1061 1681 1337 1769 οτρατειοάμενον

250 1822 252 1827 s
273 1785 307 1855 ἕν
324 1806 359 1853 τε
374 1792 444 1867 τοῖς
461 1784 621 1853 ἱππεῦσιν
633 1781 723 1854 οὗόὲν
739 1784 961 1874 περίβλεπτον
976 1785 1172 1879 ποιήσαντο,
1196 1789 1337 1856 ἐπιστά-

273 1892 368 1978 μενόν
396 1918 430 1961 τε
458 1884 537 1959 dito
565 1886 654 1959 οὐδὲν
677 1888 697 1981 ἢ
719 1892 869 1984 χρήματα
897 1893 1065 1981 συλλέγειν.
1093 1930 1137 1943 -
1160 1897 1336 1981 Hipparchi

271 2006 307 2066 in
329 2003 454 2066 insulas
481 2002 656 2065 nonnullas
683 2002 848 2065 interdum
876 2002 1094 2084 mittebantur,
1120 2004 1154 2066 id
1183 2006 1268 2087 quod
1296 2006 1337 2069 de

271 2108 393 2173 Lemno
424 2109 534 2173 insula
567 2114 652 2172 certe
675 2109 829 2172 traditum
852 2106 930 2193 est5)
963 2108 1069 2172 litiani
1096 2111 1183 2193 leges
1211 2110 1336 2195 aliquas

271 2215 353 2279 ferre
378 2216 535 2298 equitatui
558 2215 741 2299 hipparchis
764 2217 897 2279 licuisse
920 2212 1081 2298 videtur,⁶t
1110 2237 1195 2299 quae
1226 2224 1336 2282 tamen

274 2372 453 2440 contenderet,
473 2389 552 2440 quem
571 2374 662 2426 tamen
680 2373 787 2441 lapsum
806 2375 833 2426 et
845 2372 876 2429 G.
889 2375 921 2427 A.
940 2372 1075 2441 Sauppius
1093 2376 1120 2427 et
1137 2374 1168 2434 L.
1180 2374 1336 2430 Diodoriius

270 2460 301 2513 in
326 2461 488 2515 editionibus
510 2461 699 2529 Xenophontis
729 2462 920 2531 opusculorum
949 2462 1081 2531 corrigere
1115 2463 1271 2519 debuerunt.
1300 2496 1335 2503 —

271 2549 343 2603 Vide
361 2550 444 2603 etiam
462 2549 576 2605 Bekher.
596 2551 696 2603 Anecd.
716 2551 737 2618 Ι,
757 2567 783 2618 p.
803 2552 865 2609 266.

379 2638 406 2707 1)
425 2637 537 2692 Photius
560 2638 613 2691 lex.
644 2656 664 2693 s,
688 2656 715 2695 v.
754 2641 897 2709 ἱππαρχοι·
916 2636 965 2693 δύο
992 2629 1068 2706 ἦσαν,
1096 2641 1123 2693 οἳ
1147 2641 1205 2695 wia
1231 2642 1338 2697 ἱππέων

270 2724 415 2797 διελόμενοι
432 2725 479 2782 τὰς
497 2725 578 2799 φυλὰς
595 2724 717 2799 ἑκάτερος
735 2718 787 2781 ded
797 2734 886 2782 πέντε.
905 2758 938 2765 -
957 2727 1027 2780 Vide
1040 2728 1179 2782 Hermann
1198 2732 1230 2784 de
1242 2731 1336 2799 Equii.

269 2832 329 2885 uae·
349 2816 392 2871 20·

377 2903 403 2973 2)
421 2903 462 2959 De
480 2903 563 2972 liquit
589 2921 614 2973 p.
633 2906 676 2959 41.

376 2994 404 3063 3)
422 2993 530 3047 Themis
548 2993 630 3047 tilica
647 2993 668 3060 Ι,
689 2994 731 3048 11.
768 2990 859 3063 Νόμος
881 2992 931 3047 τὸν
948 2991 1095 3064 ἅοτρειτον
1111 2994 1148 3065 μη
1166 3005 1337 3068 στρατηγεῖν.

374 3082 403 3149 4)
422 3081 566 3139 Memorab.
585 3082 634 3149 ΠΙ,
653 3083 722 3139 4,1.

375 3169 403 3237 5)
421 3168 553 3237 Hyperid.
565 3170 698 3239 Lycophr.
711 3170 788 3229 XIV,
808 3211 835 3227 ..
854 3175 946 3224 ἔπειτα
964 3173 998 3227 εἰε
1015 3172 1130 3240 Λῆμνον
1147 3175 1278 3244 ἵππαρχον
1290 3183 1338 3228 καὶ

271 3246 340 3328 ἦρξα
360 3261 407 3311 μὲν
425 3248 526 3311 αὐτόθι
543 3256 583 3311 δύ’
601 3262 648 3325 ἔτη
668 3258 724 3312 τιῦν
742 3249 853 3311 πώποθ’
873 3258 1076 3330 ἱππαρηηιιοτονν
1092 3258 1175 3329 μόνος
1191 3283 1248 3321 κ.τ,
1264 3261 1287 3315 λ.
1298 3294 1341 3303 —

268 3344 410 3398 Demosih.
429 3345 477 3413 Ν,
496 3348 539 3401 27.
562 3374 597 3385 ·-
620 3337 672 3399 ἀλλ’
698 3349 733 3402 εἰς
758 3351 806 3400 ιιὲν
826 3347 937 3417 Λῆμνον
960 3347 1010 3401 τὸν
1027 3349 1089 3419 παρ’
1108 3346 1183 3417 ὑμῶν
1200 3352 1340 3419 ἵππαρχον

267 3430 309 3486 δεῖ
334 3432 416 3497 rikir,
444 3434 501 3487 τῶν
524 3425 548 3487 δ’
577 3430 643 3505 ὑπὲρ
669 3435 726 3489 τιῦν
752 3435 800 3503 τῆς
826 3432 925 3491 πόλεως
955 3435 1099 3506 κτημάτων
1129 3428 1340 3508 ἆμωνιζομενανν

266 3520 403 3575 Mariam
431 3523 583 3593 ἱππαρχεῖν;
618 3524 647 3580 C.
674 3524 758 3579 Insor,
786 3527 841 3579 Ait.
869 3524 905 3593 Π,
933 3526 999 3580 593:
1029 3565 1061 3579 ..
1089 3531 1132 3580 ἐπὶ
1161 3525 1190 3578 δὲ
1218 3528 1339 3596 Λῆμνον

266 3610 503 3681 στρ[ατημ]οὗντοε
529 3611 683 3685 Φιλαρχίδοο
702 3620 855 3677 Παιανιέως,
880 3614 1074 3685 ἱππαρχοῦντος
1091 3612 1120 3667 δὲ
1137 3615 1170 3668 τὸ
1188 3614 1339 3688 δεὺΠτερον

271 3697 452 3769 Τ]ελεοιδήμοο
470 3701 520 3755 τοῦ
530 3692 670 3773 Ἀιιι[ν]ιόο
689 3698 843 3770 (Εκαλῆθεν.
863 3733 897 3741 -
916 3703 987 3757 Vide
1004 3703 1087 3757 ctiam
1106 3703 1134 3757 C.
1147 3703 1169 3759 I.
1183 3707 1214 3759 A.
1227 3706 1262 3773 Π,
1275 3708 1336 3764 595

266 3820 299 3829 -
317 3790 468 3845 Meinhold:
497 3791 537 3845 De
560 3792 640 3845 rebus
664 3791 820 3846 Salaminiis
841 3808 902 3861 pag.
927 3793 1025 3850 28-
1043 3791 1224 3847 Schoemann:
1252 3796 1338 3850 Grio-

266 3876 376 3933 chische
395 3878 509 3937 Alterth
528 3878 563 3947 1³,
588 3898 614 3948 p.
633 3882 694 3940 451
731 3880 766 3934 U.
793 3880 1037 3935 Koehle12Mitth.
1062 3884 1231 3939 d.deutsch
1255 3886 1337 3940 arch

263 3966 351 4021 Instit.
371 3984 406 4021 zu
424 3968 553 4035 AthenI‚
572 3985 596 4035 p.
616 3969 681 4036 2653
699 3969 748 4025 IV.
767 3986 792 4037 p
812 3970 873 4024 256

371 4056 398 4125 6)
416 4055 554 4115 Demosih
573 4056 651 4125 XXI,
672 4059 731 4117 173.
769 4060 897 4128 ἵππαρχος
885 4056 943 4113 δὲ
958 4063 1156 4129 χειροτονηθεὶς
1173 4060 1339 4132 λελομανται

263 4142 294 4197 τὸ
313 4142 421 4198 ἱππικὸν
438 4138 521 4214 υμῶν,
540 4143 678 4203 τοιούτους
695 4148 754 4203 θεὶς
778 4144 883 4216 νόμους,
907 4144 951 4205 οὓς
974 4146 1053 4203 πάλιν
1071 4140 1150 4207 uiros
1167 4150 1278 4222 ἔξαρνος
1296 4142 1339 4220 ἧν

262 4230 298 4301 μὴ
316 4234 472 4289 redemerat.
