<?xml version="1.0" encoding="UTF-8"?>
<!DOCTYPE html PUBLIC "-//W3C//DTD XHTML 1.0 Transitional//EN"
    "http://www.w3.org/TR/xhtml1/DTD/xhtml1-transitional.dtd">
<html xmlns="http://www.w3.org/1999/xhtml" xml:lang="en" lang="en">
 <head>
  <title>
</title>
<meta http-equiv="Content-Type" content="text/html;charset=utf-8" />
  <meta name='ocr-system' content='tesseract 3.04.00' />
  <meta name='ocr-capabilities' content='ocr_page ocr_carea ocr_par ocr_line ocrx_word'/>
</head>
<body>
  <div class='ocr_page' id='page_1' title='image "./deequitibusatti00dirigoog_0009.png"; bbox 0 0 2967 4917; ppageno 0'>
   <div class='ocr_carea' id='block_1_1' title="bbox 677 386 698 447">
    <p class='ocr_par' dir='ltr' id='par_1_1' title="bbox 677 386 698 447">
     <span class='ocr_line' id='line_1_1' title="bbox 677 386 698 447; baseline 0 0"><span class='ocrx_word' id='word_1_1' title='bbox 677 386 698 447; x_wconf 85' lang='lat'><strong>3</strong></span> 
     </span>
    </p>
   </div>
   <div class='ocr_carea' id='block_1_2' title="bbox 135 567 1225 3746">
    <p class='ocr_par' dir='ltr' id='par_1_2' title="bbox 135 567 1225 3746">
     <span class='ocr_line' id='line_1_2' title="bbox 143 567 1224 665; baseline 0.003 -29"><span class='ocrx_word' id='word_1_2' title='bbox 143 567 262 650; x_wconf 76' lang='grc' dir='ltr'><strong><em>εἴτις</em></strong></span> <span class='ocrx_word' id='word_1_3' title='bbox 285 572 534 665; x_wconf 81' lang='grc' dir='ltr'><strong><em>τετριηράρχηκε</em></strong></span> <span class='ocrx_word' id='word_1_4' title='bbox 560 578 722 665; x_wconf 79' lang='grc' dir='ltr'><strong><em>λαμπρῶς</em></strong></span> <span class='ocrx_word' id='word_1_5' title='bbox 748 570 769 665; x_wconf 72' lang='grc' dir='ltr'>ἢ</span> <span class='ocrx_word' id='word_1_6' title='bbox 791 570 882 663; x_wconf 86' lang='grc' dir='ltr'><strong><em>τείχη</em></strong></span> <span class='ocrx_word' id='word_1_7' title='bbox 909 574 949 663; x_wconf 77' lang='grc' dir='ltr'>τῇ</span> <span class='ocrx_word' id='word_1_8' title='bbox 983 567 1124 660; x_wconf 81' lang='grc' dir='ltr'><strong><em>πατρίδι</em></strong></span> <span class='ocrx_word' id='word_1_9' title='bbox 1162 595 1224 639; x_wconf 65' lang='grc' dir='ltr'><strong><em>ιτε-</em></strong></span> 
     </span>
     <span class='ocr_line' id='line_1_3' title="bbox 144 672 1225 772; baseline 0.001 -28"><span class='ocrx_word' id='word_1_10' title='bbox 144 677 307 766; x_wconf 61' lang='lat' dir='ltr'>priuatos</span> <span class='ocrx_word' id='word_1_11' title='bbox 330 674 350 768; x_wconf 78' lang='grc' dir='ltr'>ἢ</span> <span class='ocrx_word' id='word_1_12' title='bbox 372 678 458 768; x_wconf 85' lang='grc' dir='ltr'><strong><em>πρὸς</em></strong></span> <span class='ocrx_word' id='word_1_13' title='bbox 480 680 539 771; x_wconf 82' lang='grc' dir='ltr'>τὴν</span> <span class='ocrx_word' id='word_1_14' title='bbox 561 679 673 771; x_wconf 78' lang='grc' dir='ltr'><strong><em>κοινὴν</em></strong></span> <span class='ocrx_word' id='word_1_15' title='bbox 696 678 864 772; x_wconf 89' lang='grc' dir='ltr'><strong><em>σωτηρίαν</em></strong></span> <span class='ocrx_word' id='word_1_16' title='bbox 874 678 910 747; x_wconf 81' lang='grc' dir='ltr'>ἐκ</span> <span class='ocrx_word' id='word_1_17' title='bbox 927 672 993 745; x_wconf 84' lang='grc' dir='ltr'>τών</span> <span class='ocrx_word' id='word_1_18' title='bbox 1010 674 1108 744; x_wconf 81' lang='grc' dir='ltr'><strong><em>ι’θίων</em></strong></span> <span class='ocrx_word' id='word_1_19' title='bbox 1118 700 1225 745; x_wconf 49' lang='lat' dir='ltr'>meur*</span> 
     </span>
     <span class='ocr_line' id='line_1_4' title="bbox 146 782 1222 875; baseline 0.001 -25"><span class='ocrx_word' id='word_1_20' title='bbox 146 782 297 875; x_wconf 85' lang='grc' dir='ltr'><strong><em>πὸρησε,·</em></strong></span> <span class='ocrx_word' id='word_1_21' title='bbox 343 785 413 863; x_wconf 80' lang='lat' dir='ltr'>Quo</span> <span class='ocrx_word' id='word_1_22' title='bbox 436 789 517 870; x_wconf 85' lang='lat' dir='ltr'>loce,</span> <span class='ocrx_word' id='word_1_23' title='bbox 540 794 576 855; x_wconf 91' lang='lat' dir='ltr'>ut</span> <span class='ocrx_word' id='word_1_24' title='bbox 598 796 685 855; x_wconf 89' lang='lat' dir='ltr'>recte</span> <span class='ocrx_word' id='word_1_25' title='bbox 708 791 754 853; x_wconf 82' lang='lat' dir='ltr'>ait</span> <span class='ocrx_word' id='word_1_26' title='bbox 774 784 1012 869; x_wconf 79' lang='lat' dir='ltr'>Thumserus,¹)</span> <span class='ocrx_word' id='word_1_27' title='bbox 1047 786 1128 870; x_wconf 82' lang='lat' dir='ltr'>„hoc</span> <span class='ocrx_word' id='word_1_28' title='bbox 1150 806 1222 851; x_wconf 91' lang='lat' dir='ltr'>mu·</span> 
     </span>
     <span class='ocr_line' id='line_1_5' title="bbox 136 891 1223 979; baseline 0.002 -24"><span class='ocrx_word' id='word_1_29' title='bbox 136 912 220 956; x_wconf 22' lang='lat' dir='ltr'>&#39;nus</span> <span class='ocrx_word' id='word_1_30' title='bbox 256 894 428 977; x_wconf 91' lang='lat' dir='ltr'>opponitur</span> <span class='ocrx_word' id='word_1_31' title='bbox 462 896 667 961; x_wconf 79' lang='lat' dir='ltr'>trierarchiae</span> <span class='ocrx_word' id='word_1_32' title='bbox 699 901 798 979; x_wconf 83' lang='lat' dir='ltr'>atque</span> <span class='ocrx_word' id='word_1_33' title='bbox 820 895 892 958; x_wconf 82' lang='lat' dir='ltr'>eliis</span> <span class='ocrx_word' id='word_1_34' title='bbox 915 891 1114 974; x_wconf 86' lang='lat' dir='ltr'>muneribus,</span> <span class='ocrx_word' id='word_1_35' title='bbox 1138 912 1223 975; x_wconf 77' lang='lat' dir='ltr'>quse</span> 
     </span>
     <span class='ocr_line' id='line_1_6' title="bbox 144 997 1223 1084; baseline 0.001 -22"><span class='ocrx_word' id='word_1_36' title='bbox 144 1000 271 1063; x_wconf 83' lang='lat' dir='ltr'>salutis</span> <span class='ocrx_word' id='word_1_37' title='bbox 305 1002 352 1063; x_wconf 85' lang='lat' dir='ltr'>rei</span> <span class='ocrx_word' id='word_1_38' title='bbox 384 1000 530 1083; x_wconf 85' lang='lat' dir='ltr'>pubhcee</span> <span class='ocrx_word' id='word_1_39' title='bbox 565 1021 663 1066; x_wconf 79' lang='lat' dir='ltr'>causa</span> <span class='ocrx_word' id='word_1_40' title='bbox 700 1002 789 1066; x_wconf 82' lang='lat' dir='ltr'>cives</span> <span class='ocrx_word' id='word_1_41' title='bbox 822 997 1068 1084; x_wconf 79' lang='lat' dir='ltr'>suscipiebant‘.</span> <span class='ocrx_word' id='word_1_42' title='bbox 1113 999 1223 1082; x_wconf 84' lang='lat' dir='ltr'>Atque</span> 
     </span>
     <span class='ocr_line' id='line_1_7' title="bbox 146 1104 1223 1190; baseline 0.001 -22"><span class='ocrx_word' id='word_1_43' title='bbox 146 1104 341 1189; x_wconf 83' lang='lat' dir='ltr'>Xenophon</span> <span class='ocrx_word' id='word_1_44' title='bbox 373 1127 505 1190; x_wconf 86' lang='lat' dir='ltr'>quoque</span> <span class='ocrx_word' id='word_1_45' title='bbox 539 1128 606 1173; x_wconf 83' lang='lat' dir='ltr'>une</span> <span class='ocrx_word' id='word_1_46' title='bbox 641 1128 715 1172; x_wconf 90' lang='lat' dir='ltr'>cum</span> <span class='ocrx_word' id='word_1_47' title='bbox 749 1108 821 1171; x_wconf 80' lang='lat' dir='ltr'>aliis</span> <span class='ocrx_word' id='word_1_48' title='bbox 854 1106 993 1189; x_wconf 85' lang='lat' dir='ltr'>liturgiis</span> <span class='ocrx_word' id='word_1_49' title='bbox 1026 1106 1223 1169; x_wconf 91' lang='lat' dir='ltr'>mentionem</span> 
     </span>
     <span class='ocr_line' id='line_1_8' title="bbox 145 1205 1222 1301; baseline 0.001 -27"><span class='ocrx_word' id='word_1_50' title='bbox 145 1212 230 1275; x_wconf 82' lang='lat' dir='ltr'>fecit</span> <span class='ocrx_word' id='word_1_51' title='bbox 254 1208 508 1300; x_wconf 65' lang='lat' dir='ltr'>inrrorpcpt&#39;0322)</span> <span class='ocrx_word' id='word_1_52' title='bbox 540 1209 590 1279; x_wconf 73' lang='grc' dir='ltr'>ἔτι</span> <span class='ocrx_word' id='word_1_53' title='bbox 614 1211 730 1279; x_wconf 81' lang='grc' dir='ltr'><strong><em>δὲκαὶ</em></strong></span> <span class='ocrx_word' id='word_1_54' title='bbox 754 1209 812 1301; x_wconf 80' lang='grc' dir='ltr'>τὴν</span> <span class='ocrx_word' id='word_1_55' title='bbox 834 1208 934 1278; x_wconf 87' lang='grc' dir='ltr'><strong><em>πόλιν</em></strong></span> <span class='ocrx_word' id='word_1_56' title='bbox 948 1205 1156 1293; x_wconf 80' lang='grc' dir='ltr'><strong><em>αἰσθάνομαι</em></strong></span> <span class='ocrx_word' id='word_1_57' title='bbox 1180 1205 1222 1275; x_wconf 80' lang='grc' dir='ltr'>τὰ</span> 
     </span>
     <span class='ocr_line' id='line_1_9' title="bbox 145 1307 1223 1406; baseline 0.001 -25"><span class='ocrx_word' id='word_1_58' title='bbox 145 1316 213 1400; x_wconf 80' lang='grc' dir='ltr'>μὲν</span> <span class='ocrx_word' id='word_1_59' title='bbox 240 1307 303 1405; x_wconf 71' lang='grc' dir='ltr'>ἤδη</span> <span class='ocrx_word' id='word_1_60' title='bbox 326 1339 380 1383; x_wconf 94' lang='grc' dir='ltr'>σοι</span> <span class='ocrx_word' id='word_1_61' title='bbox 408 1317 672 1402; x_wconf 74' lang='grc' dir='ltr'><strong><em>προστάττουσιν</em></strong></span> <span class='ocrx_word' id='word_1_62' title='bbox 702 1316 828 1406; x_wconf 79' lang='grc' dir='ltr'><strong><em>μεγάλα</em></strong></span> <span class='ocrx_word' id='word_1_63' title='bbox 855 1318 959 1384; x_wconf 80' lang='grc' dir='ltr'><strong><em>τελεῖν</em></strong></span> <span class='ocrx_word' id='word_1_64' title='bbox 992 1312 1223 1406; x_wconf 71' lang='grc' dir='ltr'><strong><em>ἱπποτροφίας</em></strong></span> 
     </span>
     <span class='ocr_line' id='line_1_10' title="bbox 145 1420 1222 1514; baseline 0.002 -25"><span class='ocrx_word' id='word_1_65' title='bbox 145 1448 187 1489; x_wconf 89' lang='grc' dir='ltr'>τε</span> <span class='ocrx_word' id='word_1_66' title='bbox 212 1422 270 1489; x_wconf 81' lang='grc' dir='ltr'>καὶ</span> <span class='ocrx_word' id='word_1_67' title='bbox 290 1420 443 1513; x_wconf 75' lang='grc' dir='ltr'><strong><em>χορηγίας</em></strong></span> <span class='ocrx_word' id='word_1_68' title='bbox 457 1424 514 1491; x_wconf 85' lang='grc' dir='ltr'>καὶ</span> <span class='ocrx_word' id='word_1_69' title='bbox 530 1423 787 1514; x_wconf 78' lang='grc' dir='ltr'><strong><em>γομναοιαρχίας</em></strong></span> <span class='ocrx_word' id='word_1_70' title='bbox 800 1423 858 1491; x_wconf 81' lang='grc' dir='ltr'>καὶ</span> <span class='ocrx_word' id='word_1_71' title='bbox 874 1420 1096 1512; x_wconf 81' lang='grc' dir='ltr'><strong><em>προστατείας</em></strong></span> <span class='ocrx_word' id='word_1_72' title='bbox 1113 1448 1142 1489; x_wconf 87' lang='grc' dir='ltr'>κ.</span> <span class='ocrx_word' id='word_1_73' title='bbox 1155 1423 1222 1491; x_wconf 86' lang='grc' dir='ltr'>τ.λ</span> 
     </span>
     <span class='ocr_line' id='line_1_11' title="bbox 145 1529 1222 1619; baseline -0.001 -24"><span class='ocrx_word' id='word_1_74' title='bbox 145 1538 265 1615; x_wconf 88' lang='lat' dir='ltr'>Atque</span> <span class='ocrx_word' id='word_1_75' title='bbox 289 1552 331 1596; x_wconf 77' lang='lat' dir='ltr'>ex</span> <span class='ocrx_word' id='word_1_76' title='bbox 355 1533 416 1595; x_wconf 88' lang='lat' dir='ltr'>elio</span> <span class='ocrx_word' id='word_1_77' title='bbox 441 1534 580 1617; x_wconf 87' lang='lat' dir='ltr'>quodam</span> <span class='ocrx_word' id='word_1_78' title='bbox 603 1532 829 1619; x_wconf 82' lang='lat' dir='ltr'>Xenophontis</span> <span class='ocrx_word' id='word_1_79' title='bbox 851 1529 950 1615; x_wconf 75' lang='lat' dir='ltr'>loooss)</span> <span class='ocrx_word' id='word_1_80' title='bbox 982 1532 1059 1596; x_wconf 84' lang='lat' dir='ltr'>satis</span> <span class='ocrx_word' id='word_1_81' title='bbox 1082 1534 1222 1615; x_wconf 79' lang='lat' dir='ltr'>apparet,</span> 
     </span>
     <span class='ocr_line' id='line_1_12' title="bbox 145 1638 1221 1725; baseline -0.003 -22"><span class='ocrx_word' id='word_1_82' title='bbox 145 1638 332 1703; x_wconf 87' lang='lat' dir='ltr'>ditissimos</span> <span class='ocrx_word' id='word_1_83' title='bbox 367 1640 455 1703; x_wconf 86' lang='lat' dir='ltr'>cives</span> <span class='ocrx_word' id='word_1_84' title='bbox 490 1640 530 1704; x_wconf 91' lang='lat' dir='ltr'>de</span> <span class='ocrx_word' id='word_1_85' title='bbox 565 1660 624 1703; x_wconf 86' lang='lat' dir='ltr'>sua</span> <span class='ocrx_word' id='word_1_86' title='bbox 658 1641 797 1725; x_wconf 79' lang='lat' dir='ltr'>pecunia</span> <span class='ocrx_word' id='word_1_87' title='bbox 830 1658 952 1723; x_wconf 89' lang='lat' dir='ltr'>equum</span> <span class='ocrx_word' id='word_1_88' title='bbox 980 1639 1067 1703; x_wconf 82' lang='lat' dir='ltr'>alere</span> <span class='ocrx_word' id='word_1_89' title='bbox 1097 1641 1221 1701; x_wconf 80' lang='lat' dir='ltr'>coactos</span> 
     </span>
     <span class='ocr_line' id='line_1_13' title="bbox 145 1744 1221 1830; baseline -0.001 -22"><span class='ocrx_word' id='word_1_90' title='bbox 145 1763 233 1808; x_wconf 88' lang='lat' dir='ltr'>esse.</span> <span class='ocrx_word' id='word_1_91' title='bbox 280 1744 457 1827; x_wconf 84' lang='lat' dir='ltr'>Postquam</span> <span class='ocrx_word' id='word_1_92' title='bbox 481 1747 578 1810; x_wconf 87' lang='lat' dir='ltr'>citius</span> <span class='ocrx_word' id='word_1_93' title='bbox 602 1752 700 1830; x_wconf 86' lang='lat' dir='ltr'>atque</span> <span class='ocrx_word' id='word_1_94' title='bbox 723 1747 851 1811; x_wconf 83' lang='lat' dir='ltr'>facilius</span> <span class='ocrx_word' id='word_1_95' title='bbox 886 1746 1012 1829; x_wconf 81' lang='lat' dir='ltr'><strong>equites</strong></span> <span class='ocrx_word' id='word_1_96' title='bbox 1046 1763 1221 1808; x_wconf 87' lang='lat' dir='ltr'>numerum</span> 
     </span>
     <span class='ocr_line' id='line_1_14' title="bbox 145 1851 1221 1936; baseline 0.002 -23"><span class='ocrx_word' id='word_1_97' title='bbox 145 1852 224 1934; x_wconf 85' lang='lat' dir='ltr'>lege</span> <span class='ocrx_word' id='word_1_98' title='bbox 248 1857 453 1935; x_wconf 87' lang='lat' dir='ltr'>praeceptum</span> <span class='ocrx_word' id='word_1_99' title='bbox 479 1854 664 1936; x_wconf 84' lang='lat' dir='ltr'>expleturos</span> <span class='ocrx_word' id='word_1_100' title='bbox 688 1873 760 1918; x_wconf 85' lang='lat' dir='ltr'>esse</span> <span class='ocrx_word' id='word_1_101' title='bbox 782 1854 875 1929; x_wconf 80' lang='lat' dir='ltr'>dixit,</span> <span class='ocrx_word' id='word_1_102' title='bbox 897 1853 926 1916; x_wconf 89' lang='lat' dir='ltr'>si</span> <span class='ocrx_word' id='word_1_103' title='bbox 949 1852 1080 1915; x_wconf 90' lang='lat' dir='ltr'>ducenti</span> <span class='ocrx_word' id='word_1_104' title='bbox 1096 1851 1221 1933; x_wconf 78' lang='lat' dir='ltr'>equites</span> 
     </span>
     <span class='ocr_line' id='line_1_15' title="bbox 145 1953 1223 2048; baseline 0 -27"><span class='ocrx_word' id='word_1_105' title='bbox 145 1958 282 2021; x_wconf 79' lang='lat' dir='ltr'>externi</span> <span class='ocrx_word' id='word_1_106' title='bbox 295 1958 561 2040; x_wconf 76' lang='lat' dir='ltr'>conducerentur,</span> <span class='ocrx_word' id='word_1_107' title='bbox 576 1962 621 2023; x_wconf 83' lang='lat' dir='ltr'>itu</span> <span class='ocrx_word' id='word_1_108' title='bbox 636 1962 753 2044; x_wconf 84' lang='lat' dir='ltr'>pergit:</span> <span class='ocrx_word' id='word_1_109' title='bbox 778 1955 826 2037; x_wconf 82' lang='grc' dir='ltr'>εἷς</span> <span class='ocrx_word' id='word_1_110' title='bbox 849 1957 885 2025; x_wconf 81' lang='grc' dir='ltr'>δὲ</span> <span class='ocrx_word' id='word_1_111' title='bbox 900 1953 999 2048; x_wconf 77' lang='grc' dir='ltr'><strong><em>τιμὴν</em></strong></span> <span class='ocrx_word' id='word_1_112' title='bbox 1021 1958 1088 2022; x_wconf 83' lang='grc' dir='ltr'>τῶν</span> <span class='ocrx_word' id='word_1_113' title='bbox 1102 1957 1223 2021; x_wconf 77' lang='grc' dir='ltr'><strong><em>ἵππιον</em></strong></span> 
     </span>
     <span class='ocr_line' id='line_1_16' title="bbox 148 2053 1222 2154; baseline 0.003 -28"><span class='ocrx_word' id='word_1_114' title='bbox 148 2058 279 2145; x_wconf 82' lang='grc' dir='ltr'><strong><em>νομίζω</em></strong></span> <span class='ocrx_word' id='word_1_115' title='bbox 303 2053 344 2127; x_wconf 69' lang='grc' dir='ltr'>ἄν</span> <span class='ocrx_word' id='word_1_116' title='bbox 366 2064 479 2142; x_wconf 74' lang='grc' dir='ltr'><strong><em>οἰστοῖς</em></strong></span> <span class='ocrx_word' id='word_1_117' title='bbox 500 2062 650 2153; x_wconf 80' lang='grc' dir='ltr'><strong><em>χρήματα</em></strong></span> <span class='ocrx_word' id='word_1_118' title='bbox 670 2059 814 2154; x_wconf 68' lang='grc' dir='ltr'><strong><em>ὑπάρξαι</em></strong></span> <span class='ocrx_word' id='word_1_119' title='bbox 830 2063 887 2131; x_wconf 82' lang='grc' dir='ltr'>καὶ</span> <span class='ocrx_word' id='word_1_120' title='bbox 903 2059 996 2151; x_wconf 83' lang='grc' dir='ltr'><strong><em>παρὰ</em></strong></span> <span class='ocrx_word' id='word_1_121' title='bbox 1012 2066 1078 2129; x_wconf 86' lang='grc' dir='ltr'>τῶν</span> <span class='ocrx_word' id='word_1_122' title='bbox 1093 2059 1222 2153; x_wconf 77' lang='grc' dir='ltr'><strong><em>σφόδρα</em></strong></span> 
     </span>
     <span class='ocr_line' id='line_1_17' title="bbox 147 2161 1223 2259; baseline 0.001 -26"><span class='ocrx_word' id='word_1_123' title='bbox 147 2162 367 2252; x_wconf 73' lang='grc' dir='ltr'><strong><em>ἀντεχομένων</em></strong></span> <span class='ocrx_word' id='word_1_124' title='bbox 400 2166 445 2259; x_wconf 82' lang='grc' dir='ltr'>μὴ</span> <span class='ocrx_word' id='word_1_125' title='bbox 485 2168 648 2254; x_wconf 73' lang='grc' dir='ltr'><strong><em>ἱππεύειν,</em></strong></span> <span class='ocrx_word' id='word_1_126' title='bbox 683 2166 735 2237; x_wconf 82' lang='grc' dir='ltr'>ὅτι</span> <span class='ocrx_word' id='word_1_127' title='bbox 769 2168 827 2237; x_wconf 80' lang='grc' dir='ltr'>καί</span> <span class='ocrx_word' id='word_1_128' title='bbox 866 2161 917 2249; x_wconf 81' lang='grc' dir='ltr'>οἷς</span> <span class='ocrx_word' id='word_1_129' title='bbox 955 2166 1138 2258; x_wconf 75' lang='grc' dir='ltr'><strong><em>καθίστησι</em></strong></span> <span class='ocrx_word' id='word_1_130' title='bbox 1184 2164 1223 2235; x_wconf 86' lang='grc' dir='ltr'>τὸ</span> 
     </span>
     <span class='ocr_line' id='line_1_18' title="bbox 148 2269 1222 2366; baseline 0 -27"><span class='ocrx_word' id='word_1_131' title='bbox 148 2270 300 2340; x_wconf 71' lang='grc' dir='ltr'><strong><em>ἱππικὸν</em></strong></span> <span class='ocrx_word' id='word_1_132' title='bbox 323 2274 474 2341; x_wconf 73' lang='grc' dir='ltr'><strong><em>ἐθέλουσι</em></strong></span> <span class='ocrx_word' id='word_1_133' title='bbox 498 2279 601 2344; x_wconf 80' lang='grc' dir='ltr'><strong><em>τελεῖν</em></strong></span> <span class='ocrx_word' id='word_1_134' title='bbox 623 2276 775 2365; x_wconf 73' lang='grc' dir='ltr'><strong><em>ἄρμίριον</em></strong></span> <span class='ocrx_word' id='word_1_135' title='bbox 799 2271 843 2355; x_wconf 80' lang='grc' dir='ltr'>ὡς</span> <span class='ocrx_word' id='word_1_136' title='bbox 868 2272 914 2366; x_wconf 79' lang='grc' dir='ltr'>μὴ</span> <span class='ocrx_word' id='word_1_137' title='bbox 938 2271 1099 2356; x_wconf 75' lang='grc' dir='ltr'><strong><em>ἱππείειν,</em></strong></span> <span class='ocrx_word' id='word_1_138' title='bbox 1129 2269 1222 2361; x_wconf 84' lang='grc' dir='ltr'><strong><em>παρὰ</em></strong></span> 
     </span>
     <span class='ocr_line' id='line_1_19' title="bbox 148 2375 1222 2467; baseline 0.001 -22"><span class='ocrx_word' id='word_1_139' title='bbox 148 2377 323 2446; x_wconf 79' lang='grc' dir='ltr'><strong><em>πλοισίων</em></strong></span> <span class='ocrx_word' id='word_1_140' title='bbox 346 2405 380 2467; x_wconf 78' lang='grc' dir='ltr'>με</span> <span class='ocrx_word' id='word_1_141' title='bbox 408 2375 576 2449; x_wconf 80' lang='grc' dir='ltr'><strong><em>ἇδονάτων</em></strong></span> <span class='ocrx_word' id='word_1_142' title='bbox 605 2385 640 2450; x_wconf 74' lang='grc' dir='ltr'>δὲ</span> <span class='ocrx_word' id='word_1_143' title='bbox 663 2389 734 2463; x_wconf 81' lang='grc' dir='ltr'><strong><em>τοῖς</em></strong></span> <span class='ocrx_word' id='word_1_144' title='bbox 765 2381 925 2467; x_wconf 89' lang='grc' dir='ltr'><strong><em>σώμασιν·</em></strong></span> <span class='ocrx_word' id='word_1_145' title='bbox 958 2377 1072 2465; x_wconf 81' lang='grc' dir='ltr'><strong><em>οίομαι</em></strong></span> <span class='ocrx_word' id='word_1_146' title='bbox 1095 2380 1131 2447; x_wconf 79' lang='grc' dir='ltr'>δὲ</span> <span class='ocrx_word' id='word_1_147' title='bbox 1164 2379 1222 2447; x_wconf 81' lang='grc' dir='ltr'>καὶ</span> 
     </span>
     <span class='ocr_line' id='line_1_20' title="bbox 152 2479 1223 2576; baseline 0.002 -25"><span class='ocrx_word' id='word_1_148' title='bbox 152 2487 235 2573; x_wconf 88' lang='grc' dir='ltr'><strong><em>παρ’</em></strong></span> <span class='ocrx_word' id='word_1_149' title='bbox 256 2479 412 2576; x_wconf 43' lang='grc' dir='ltr'><strong><em>,ὀρφανῶν</em></strong></span> <span class='ocrx_word' id='word_1_150' title='bbox 435 2492 501 2555; x_wconf 83' lang='grc' dir='ltr'>τῶν</span> <span class='ocrx_word' id='word_1_151' title='bbox 525 2486 954 2573; x_wconf 63' lang='grc' dir='ltr'><strong><em>δυνατοὺςοίκοόςέχὸντων.</em></strong></span> <span class='ocrx_word' id='word_1_152' title='bbox 1002 2488 1223 2572; x_wconf 80' lang='lat' dir='ltr'>Corruptelum</span> 
     </span>
     <span class='ocr_line' id='line_1_21' title="bbox 149 2588 1224 2688; baseline 0.002 -31"><span class='ocrx_word' id='word_1_153' title='bbox 149 2614 225 2658; x_wconf 86' lang='lat' dir='ltr'>esse</span> <span class='ocrx_word' id='word_1_154' title='bbox 248 2596 283 2658; x_wconf 92' lang='lat' dir='ltr'>in</span> <span class='ocrx_word' id='word_1_155' title='bbox 307 2596 416 2660; x_wconf 89' lang='lat' dir='ltr'>verbis</span> <span class='ocrx_word' id='word_1_156' title='bbox 441 2588 491 2675; x_wconf 81' lang='grc' dir='ltr'>οἷς</span> <span class='ocrx_word' id='word_1_157' title='bbox 507 2595 691 2688; x_wconf 70' lang='grc' dir='ltr'><strong><em>καθίστησι</em></strong></span> <span class='ocrx_word' id='word_1_158' title='bbox 708 2594 747 2663; x_wconf 90' lang='grc' dir='ltr'>τὸ</span> <span class='ocrx_word' id='word_1_159' title='bbox 764 2594 915 2678; x_wconf 72' lang='grc' dir='ltr'><strong><em>ἱππικόν,</em></strong></span> <span class='ocrx_word' id='word_1_160' title='bbox 933 2603 964 2661; x_wconf 90' lang='lat' dir='ltr'>et</span> <span class='ocrx_word' id='word_1_161' title='bbox 980 2598 1037 2680; x_wconf 91' lang='lat' dir='ltr'>qui</span> <span class='ocrx_word' id='word_1_162' title='bbox 1053 2596 1224 2659; x_wconf 87' lang='lat' dir='ltr'>ediderunt</span> 
     </span>
     <span class='ocr_line' id='line_1_22' title="bbox 149 2702 1221 2797; baseline -0.001 -32"><span class='ocrx_word' id='word_1_163' title='bbox 149 2703 268 2797; x_wconf 78' lang='lat' dir='ltr'>etqui</span> <span class='ocrx_word' id='word_1_164' title='bbox 292 2703 370 2766; x_wconf 82' lang='lat' dir='ltr'>elias</span> <span class='ocrx_word' id='word_1_165' title='bbox 394 2708 616 2770; x_wconf 80' lang='lat' dir='ltr'>tractaverunt</span> <span class='ocrx_word' id='word_1_166' title='bbox 638 2707 727 2769; x_wconf 73' lang='lat' dir='ltr'>hurso</span> <span class='ocrx_word' id='word_1_167' title='bbox 750 2706 869 2786; x_wconf 83' lang='lat' dir='ltr'>locum,</span> <span class='ocrx_word' id='word_1_168' title='bbox 902 2705 1069 2788; x_wconf 81' lang='lat' dir='ltr'>cognitum</span> <span class='ocrx_word' id='word_1_169' title='bbox 1103 2702 1221 2765; x_wconf 82' lang='lat' dir='ltr'>habue-</span> 
     </span>
     <span class='ocr_line' id='line_1_23' title="bbox 149 2809 1221 2894; baseline 0.002 -24"><span class='ocrx_word' id='word_1_170' title='bbox 149 2812 241 2889; x_wconf 84' lang='lat' dir='ltr'>runt,</span> <span class='ocrx_word' id='word_1_171' title='bbox 265 2815 296 2871; x_wconf 94' lang='lat' dir='ltr'>et</span> <span class='ocrx_word' id='word_1_172' title='bbox 320 2810 398 2873; x_wconf 84' lang='lat' dir='ltr'>alias</span> <span class='ocrx_word' id='word_1_173' title='bbox 422 2813 635 2875; x_wconf 79' lang='lat' dir='ltr'>correctiones</span> <span class='ocrx_word' id='word_1_174' title='bbox 670 2812 725 2874; x_wconf 83' lang='lat' dir='ltr'>ulii</span> <span class='ocrx_word' id='word_1_175' title='bbox 759 2816 996 2894; x_wconf 88' lang='lat' dir='ltr'>proposuerunt</span> <span class='ocrx_word' id='word_1_176' title='bbox 1030 2810 1092 2871; x_wconf 86' lang='lat' dir='ltr'>viri</span> <span class='ocrx_word' id='word_1_177' title='bbox 1127 2809 1221 2873; x_wconf 87' lang='lat' dir='ltr'>docti.</span> 
     </span>
     <span class='ocr_line' id='line_1_24' title="bbox 135 2912 1222 3005; baseline 0.001 -29"><span class='ocrx_word' id='word_1_178' title='bbox 135 2913 308 2977; x_wconf 84' lang='lat' dir='ltr'>-Budaeus</span> <span class='ocrx_word' id='word_1_179' title='bbox 331 2936 388 2999; x_wconf 89' lang='lat' dir='ltr'>pro</span> <span class='ocrx_word' id='word_1_180' title='bbox 412 2912 595 3004; x_wconf 79' lang='grc' dir='ltr'><strong><em>καθίστησι</em></strong></span> <span class='ocrx_word' id='word_1_181' title='bbox 620 2919 758 2983; x_wconf 86' lang='lat' dir='ltr'>coniecit</span> <span class='ocrx_word' id='word_1_182' title='bbox 779 2913 930 3005; x_wconf 74' lang='grc' dir='ltr'><strong><em>καθήκει,</em></strong></span> <span class='ocrx_word' id='word_1_183' title='bbox 954 2917 983 2978; x_wconf 93' lang='lat' dir='ltr'>h.</span> <span class='ocrx_word' id='word_1_184' title='bbox 998 2935 1024 2979; x_wconf 91' lang='lat' dir='ltr'>e.</span> <span class='ocrx_word' id='word_1_185' title='bbox 1048 2917 1079 2978; x_wconf 92' lang='lat' dir='ltr'>ei</span> <span class='ocrx_word' id='word_1_186' title='bbox 1103 2914 1222 2998; x_wconf 89' lang='lat' dir='ltr'>quibus</span> 
     </span>
     <span class='ocr_line' id='line_1_25' title="bbox 152 3023 1223 3107; baseline 0 -23"><span class='ocrx_word' id='word_1_187' title='bbox 152 3040 240 3104; x_wconf 88' lang='lat' dir='ltr'>equo</span> <span class='ocrx_word' id='word_1_188' title='bbox 263 3040 386 3085; x_wconf 87' lang='lat' dir='ltr'>merere</span> <span class='ocrx_word' id='word_1_189' title='bbox 410 3023 553 3087; x_wconf 89' lang='lat' dir='ltr'>officium</span> <span class='ocrx_word' id='word_1_190' title='bbox 578 3030 635 3107; x_wconf 81' lang='lat' dir='ltr'>est,</span> <span class='ocrx_word' id='word_1_191' title='bbox 659 3044 742 3107; x_wconf 83' lang='lat' dir='ltr'>quoe</span> <span class='ocrx_word' id='word_1_192' title='bbox 765 3025 958 3105; x_wconf 77' lang='lat' dir='ltr'>coniectura,</span> <span class='ocrx_word' id='word_1_193' title='bbox 982 3042 1180 3106; x_wconf 81' lang='lat' dir='ltr'>quamquem</span> <span class='ocrx_word' id='word_1_194' title='bbox 1204 3042 1223 3084; x_wconf 89' lang='lat' dir='ltr'>a</span> 
     </span>
     <span class='ocr_line' id='line_1_26' title="bbox 152 3124 1222 3214; baseline -0.001 -24"><span class='ocrx_word' id='word_1_195' title='bbox 152 3128 284 3191; x_wconf 89' lang='lat' dir='ltr'>dicendi</span> <span class='ocrx_word' id='word_1_196' title='bbox 308 3131 541 3193; x_wconf 87' lang='lat' dir='ltr'>consuetudine</span> <span class='ocrx_word' id='word_1_197' title='bbox 564 3130 802 3214; x_wconf 80' lang='lat' dir='ltr'>Xenophonteo</span> <span class='ocrx_word' id='word_1_198' title='bbox 825 3150 891 3193; x_wconf 90' lang='lat' dir='ltr'>non</span> <span class='ocrx_word' id='word_1_199' title='bbox 915 3130 1023 3192; x_wconf 81' lang='lat' dir='ltr'>aliena</span> <span class='ocrx_word' id='word_1_200' title='bbox 1046 3124 1127 3209; x_wconf 82' lang='lat' dir='ltr'>est,4)</span> <span class='ocrx_word' id='word_1_201' title='bbox 1162 3129 1222 3190; x_wconf 93' lang='lat' dir='ltr'>hoc</span> 
     </span>
     <span class='ocr_line' id='line_1_27' title="bbox 153 3233 1221 3320; baseline 0.001 -24"><span class='ocrx_word' id='word_1_202' title='bbox 153 3240 262 3297; x_wconf 83' lang='lat' dir='ltr'>tamen</span> <span class='ocrx_word' id='word_1_203' title='bbox 285 3234 381 3298; x_wconf 85' lang='lat' dir='ltr'>habet</span> <span class='ocrx_word' id='word_1_204' title='bbox 404 3239 554 3318; x_wconf 74' lang='lat' dir='ltr'>suspecti,</span> <span class='ocrx_word' id='word_1_205' title='bbox 578 3238 673 3320; x_wconf 90' lang='lat' dir='ltr'>quod,</span> <span class='ocrx_word' id='word_1_206' title='bbox 698 3243 734 3301; x_wconf 90' lang='lat' dir='ltr'>ut</span> <span class='ocrx_word' id='word_1_207' title='bbox 758 3240 803 3301; x_wconf 87' lang='lat' dir='ltr'>ait</span> <span class='ocrx_word' id='word_1_208' title='bbox 820 3233 973 3320; x_wconf 60' lang='lat' dir='ltr'>Bauius)</span> <span class='ocrx_word' id='word_1_209' title='bbox 999 3234 1221 3317; x_wconf 74' lang='lat' dir='ltr'>,redimendae</span> 
     </span>
     <span class='ocr_line' id='line_1_28' title="bbox 153 3340 1221 3427; baseline -0.001 -24"><span class='ocrx_word' id='word_1_210' title='bbox 153 3340 297 3421; x_wconf 81' lang='lat' dir='ltr'>militiae,</span> <span class='ocrx_word' id='word_1_211' title='bbox 321 3348 378 3405; x_wconf 84' lang='lat' dir='ltr'>eut</span> <span class='ocrx_word' id='word_1_212' title='bbox 406 3344 643 3427; x_wconf 86' lang='lat' dir='ltr'>cuiuscumque</span> <span class='ocrx_word' id='word_1_213' title='bbox 679 3345 810 3408; x_wconf 89' lang='lat' dir='ltr'>demum</span> <span class='ocrx_word' id='word_1_214' title='bbox 845 3344 989 3406; x_wconf 89' lang='lat' dir='ltr'>muneris</span> <span class='ocrx_word' id='word_1_215' title='bbox 1024 3345 1082 3404; x_wconf 82' lang='lat' dir='ltr'>eut</span> <span class='ocrx_word' id='word_1_216' title='bbox 1116 3340 1221 3403; x_wconf 90' lang='lat' dir='ltr'>oneris</span> 
     </span>
     <span class='ocr_line' id='line_1_29' title="bbox 154 3447 1221 3529; baseline -0.001 -20"><span class='ocrx_word' id='word_1_217' title='bbox 154 3447 342 3529; x_wconf 80' lang='lat' dir='ltr'>exemplum</span> <span class='ocrx_word' id='word_1_218' title='bbox 366 3454 396 3511; x_wconf 90' lang='lat' dir='ltr'>et</span> <span class='ocrx_word' id='word_1_219' title='bbox 420 3452 641 3514; x_wconf 82' lang='lat' dir='ltr'>auctoritatem</span> <span class='ocrx_word' id='word_1_220' title='bbox 677 3452 712 3513; x_wconf 90' lang='lat' dir='ltr'>in</span> <span class='ocrx_word' id='word_1_221' title='bbox 736 3455 784 3514; x_wconf 89' lang='lat' dir='ltr'>tot</span> <span class='ocrx_word' id='word_1_222' title='bbox 806 3450 924 3513; x_wconf 87' lang='lat' dir='ltr'>veteris</span> <span class='ocrx_word' id='word_1_223' title='bbox 948 3448 1100 3511; x_wconf 80' lang='lat' dir='ltr'>historiae</span> <span class='ocrx_word' id='word_1_224' title='bbox 1122 3447 1221 3509; x_wconf 80' lang='lat' dir='ltr'>Athe-</span> 
     </span>
     <span class='ocr_line' id='line_1_30' title="bbox 154 3554 1221 3638; baseline -0.001 -23"><span class='ocrx_word' id='word_1_225' title='bbox 154 3555 320 3617; x_wconf 86' lang='lat' dir='ltr'>niensium</span> <span class='ocrx_word' id='word_1_226' title='bbox 360 3558 589 3638; x_wconf 81' lang='lat' dir='ltr'>monumentis,</span> <span class='ocrx_word' id='word_1_227' title='bbox 630 3577 695 3620; x_wconf 92' lang='lat' dir='ltr'>non</span> <span class='ocrx_word' id='word_1_228' title='bbox 730 3556 822 3619; x_wconf 78' lang='lat' dir='ltr'>focile</span> <span class='ocrx_word' id='word_1_229' title='bbox 859 3557 1031 3638; x_wconf 82' lang='lat' dir='ltr'>quisquam</span> <span class='ocrx_word' id='word_1_230' title='bbox 1065 3554 1221 3616; x_wconf 79' lang='lat' dir='ltr'>allaturus</span> 
     </span>
     <span class='ocr_line' id='line_1_31' title="bbox 152 3657 1222 3746; baseline -0.002 -24"><span class='ocrx_word' id='word_1_231' title='bbox 152 3660 230 3725; x_wconf 60' lang='lat' dir='ltr'>cett</span> <span class='ocrx_word' id='word_1_232' title='bbox 279 3660 403 3725; x_wconf 86' lang='lat' dir='ltr'>Bahius</span> <span class='ocrx_word' id='word_1_233' title='bbox 426 3664 533 3746; x_wconf 86' lang='lat' dir='ltr'>igitur,</span> <span class='ocrx_word' id='word_1_234' title='bbox 559 3664 646 3746; x_wconf 92' lang='lat' dir='ltr'>quod</span> <span class='ocrx_word' id='word_1_235' title='bbox 671 3667 765 3727; x_wconf 81' lang='lat' dir='ltr'>antee</span> <span class='ocrx_word' id='word_1_236' title='bbox 787 3664 851 3725; x_wconf 86' lang='lat' dir='ltr'>iam</span> <span class='ocrx_word' id='word_1_237' title='bbox 874 3664 1044 3744; x_wconf 83' lang='lat' dir='ltr'>putaverat</span> <span class='ocrx_word' id='word_1_238' title='bbox 1060 3657 1222 3741; x_wconf 83' lang='lat' dir='ltr'>Gurerius,</span> 
     </span>
    </p>
   </div>
   <div class='ocr_carea' id='block_1_3' title="bbox 262 3852 778 4279">
    <p class='ocr_par' dir='ltr' id='par_1_3' title="bbox 263 3852 519 3923">
     <span class='ocr_line' id='line_1_32' title="bbox 263 3852 519 3923; baseline 0.008 -16"><span class='ocrx_word' id='word_1_239' title='bbox 263 3852 289 3923; x_wconf 87' lang='lat'>1)</span> <span class='ocrx_word' id='word_1_240' title='bbox 308 3854 411 3907; x_wconf 82' lang='lat' dir='ltr'>Ibidem</span> <span class='ocrx_word' id='word_1_241' title='bbox 431 3872 456 3923; x_wconf 92' lang='lat' dir='ltr'>p.</span> <span class='ocrx_word' id='word_1_242' title='bbox 476 3856 519 3911; x_wconf 88' lang='lat'>81.</span> 
     </span>
    </p>

    <p class='ocr_par' dir='ltr' id='par_1_4' title="bbox 264 3942 505 4012">
     <span class='ocr_line' id='line_1_33' title="bbox 264 3942 505 4012; baseline 0.004 -17"><span class='ocrx_word' id='word_1_243' title='bbox 264 3944 289 4003; x_wconf 69' lang='lat'>2)</span> <span class='ocrx_word' id='word_1_244' title='bbox 310 3942 407 3998; x_wconf 87' lang='lat' dir='ltr'>Oeoou.</span> <span class='ocrx_word' id='word_1_245' title='bbox 426 3944 461 4012; x_wconf 78' lang='grc' dir='ltr'>Π,</span> <span class='ocrx_word' id='word_1_246' title='bbox 482 3945 505 3998; x_wconf 88' lang='grc'>6.</span> 
     </span>
    </p>

    <p class='ocr_par' dir='ltr' id='par_1_5' title="bbox 262 4030 570 4099">
     <span class='ocr_line' id='line_1_34' title="bbox 262 4030 570 4099; baseline 0.01 -15"><span class='ocrx_word' id='word_1_247' title='bbox 262 4030 289 4099; x_wconf 84' lang='grc'>3)</span> <span class='ocrx_word' id='word_1_248' title='bbox 308 4031 455 4099; x_wconf 84' lang='lat' dir='ltr'>Hipparch</span> <span class='ocrx_word' id='word_1_249' title='bbox 475 4032 525 4097; x_wconf 86' lang='lat' dir='ltr'>IX,</span> <span class='ocrx_word' id='word_1_250' title='bbox 544 4033 570 4087; x_wconf 79' lang='grc' dir='ltr'>ὃ,</span> 
     </span>
    </p>

    <p class='ocr_par' dir='ltr' id='par_1_6' title="bbox 262 4120 778 4279">
     <span class='ocr_line' id='line_1_35' title="bbox 262 4120 778 4191; baseline 0.01 -18"><span class='ocrx_word' id='word_1_251' title='bbox 262 4121 290 4187; x_wconf 90' lang='grc'>4)</span> <span class='ocrx_word' id='word_1_252' title='bbox 310 4120 406 4189; x_wconf 79' lang='lat' dir='ltr'>Cyrop.</span> <span class='ocrx_word' id='word_1_253' title='bbox 425 4122 446 4188; x_wconf 74' lang='grc' dir='ltr'>Ι,</span> <span class='ocrx_word' id='word_1_254' title='bbox 468 4124 491 4190; x_wconf 83' lang='lat'>2,</span> <span class='ocrx_word' id='word_1_255' title='bbox 511 4122 542 4188; x_wconf 81' lang='lat'>53</span> <span class='ocrx_word' id='word_1_256' title='bbox 562 4122 648 4176; x_wconf 83' lang='lat' dir='ltr'>Anah.</span> <span class='ocrx_word' id='word_1_257' title='bbox 667 4122 688 4191; x_wconf 79' lang='grc' dir='ltr'>Ι,</span> <span class='ocrx_word' id='word_1_258' title='bbox 708 4124 733 4191; x_wconf 82' lang='lat'>9,</span> <span class='ocrx_word' id='word_1_259' title='bbox 754 4125 778 4178; x_wconf 77' lang='lat'>7.</span> 
     </span>
     <span class='ocr_line' id='line_1_36' title="bbox 262 4209 684 4279; baseline 0.009 -18"><span class='ocrx_word' id='word_1_260' title='bbox 262 4209 289 4278; x_wconf 73' lang='grc' dir='ltr'>ὃ)</span> <span class='ocrx_word' id='word_1_261' title='bbox 308 4209 484 4278; x_wconf 86' lang='lat' dir='ltr'>Mnemosyne</span> <span class='ocrx_word' id='word_1_262' title='bbox 502 4210 577 4279; x_wconf 85' lang='lat' dir='ltr'>VIH,</span> <span class='ocrx_word' id='word_1_263' title='bbox 596 4228 622 4279; x_wconf 90' lang='lat' dir='ltr'>p.</span> <span class='ocrx_word' id='word_1_264' title='bbox 642 4210 684 4267; x_wconf 78' lang='lat'>76.</span> 
     </span>
    </p>
   </div>
   <div class='ocr_carea' id='block_1_4' title="bbox 0 0 1502 4917">
    <p class='ocr_par' dir='ltr' id='par_1_7' title="bbox 0 0 1502 4917">
     <span class='ocr_line' id='line_1_37' title="bbox 0 0 1502 4917; baseline 0 0"><span class='ocrx_word' id='word_1_265' title='bbox 0 0 1502 4917; x_wconf 95' lang='lat' dir='ltr'> </span> 
     </span>
    </p>
   </div>
  </div>
 </body>
</html>
