2967 4917
641 415 658 476 7

119 605 228 687 colligi
250 609 364 687 potest,
400 605 485 688 quod
524 606 650 670 videtur
672 602 902 690 Hermann0,1)
935 610 1190 689 pentacosiome-

120 711 248 774 dimnos
271 711 458 776 hierarchia
477 712 613 795 aliisque
637 712 830 776 muneribus
846 718 1016 796 occupatos
1032 714 1072 777 ab
1091 717 1190 799 oqui*

119 825 190 882 tatu
225 838 360 903 prorsus
395 819 518 882 alienos
541 818 652 900 luisse,
686 818 888 882 Boeclrhium
921 824 1066 902 putasse3
1106 822 1189 885 nihil

119 928 208 990 euim
231 927 297 990 nisi
325 926 534 1008 praecipue
568 930 728 1008 praetores
763 929 860 1009 atque
893 927 1081 991 trierarchos
1114 929 1190 991 illos

118 1033 230 1110 fuisse,
253 1034 360 1096 inesse
383 1033 418 1094 in
442 1030 550 1094 verbis
573 1032 653 1094 mihi
677 1032 806 1094 videtur
829 1033 891 1094 viri
906 1032 1131 1114 illustrissimi;
1155 1041 1190 1098 et

117 1141 153 1202 in
177 1140 276 1204 altera
298 1139 386 1202 illius
409 1138 483 1201 libri
506 1141 646 1204 editione
669 1139 845 1204 nonnullos
867 1140 1189 1222 pentacosiomedim-

117 1267 177 1310 nos
199 1247 234 1309 in
257 1264 393 1308 numero
418 1248 563 1329 equitum
586 1247 699 1326 fuisse,
721 1250 790 1330 ipse
809 1247 945 1309 coniecit
960 1245 1188 1327 Boeclrhiusfl)

119 1351 180 1416 Oui
202 1353 249 1415 rei
273 1352 391 1434 optime
418 1355 571 1417 convenit
597 1353 688 1417 locus
720 1352 760 1416 ub
782 1351 974 1416 Hermanno
1004 1373 1046 1416 ex
1069 1352 1190 1438 Isaeo³)

119 1459 250 1522 allatus:
277 1453 394 1544 ἐπειδὴ
418 1454 478 1545 γὰρ
502 1461 549 1545 τῷ
569 1454 790 1548 &thore-ippone
813 1456 850 1523 ἐκ
872 1457 932 1540 μὲν
947 1460 1004 1544 τῆς
1020 1448 1191 1544 Ιγυναικὸς,

117 1553 138 1651 ἧ
162 1559 308 1650 συνῴκει,
332 1555 387 1628 chr
411 1554 449 1654 ἦν
466 1563 607 1632 παιδίον
631 1559 728 1645 οὐδέν,
762 1563 907 1648 πολέμου
930 1556 959 1628 δ’
984 1555 1077 1642 ὄντος
1103 1562 1190 1629 ἔτιν-

118 1667 225 1736 ι)ὑνει·ε
247 1669 305 1735 καὶ
331 1666 453 1748 ἱππεύς
477 1669 726 1758 στρατευόμενος
740 1669 798 1737 καὶ
815 1667 1006 1759 τριήραρχος
1027 1666 1191 1748 πολλάκις

117 1775 274 1842 ἐκπλέων.
298 1801 328 1842 κ·
359 1803 385 1841 τ.
404 1777 441 1858 h,
467 1799 531 1861 quo
546 1781 616 1843 loco
632 1779 772 1844 eundem
790 1780 893 1843 civem
910 1784 942 1843 et
959 1773 1191 1866 ἱπποτροφίας

118 1903 256 1948 munere
280 1890 312 1948 et
335 1881 546 1972 τριηραρχίας
568 1886 775 1969 perfunctum
799 1905 869 1949 esse
891 1886 1057 1949 discimus,

206 1989 457 2074 Respiciendum
491 1997 549 2072 est,
584 1992 670 2075 quod
703 1993 769 2054 iam
803 1993 840 2054 in
874 1991 1019 2054 medium
1053 1991 1191 2074 prot-ulit

116 2096 336 2175 Hermannus‚
373 2099 480 2161 solum
508 2099 641 2161 atticum
665 2117 732 2161 non
754 2100 799 2161 ita
822 2098 978 2161 idoneum
1001 2117 1072 2160 esse
1095 2100 1190 2180 equis

117 2204 242 2268 alendis
283 2205 410 2287 ipsique
443 2205 632 2289 equitend0,
666 2206 809 2288 exceptis
841 2202 1030 2288 regionibus
1064 2205 1191 2268 circum

116 2308 334 2395 Marathone)
351 2317 382 2374 et
401 2313 509 2376 nescio
526 2332 567 2375 un
586 2313 708 2375 circum
725 2311 882 2374 Eleusina
898 2311 978 2387 sitis,
1002 2311 1190 2394 multosque

116 2417 319 2482 introductos
343 2437 414 2481 esse
438 2436 546 2500 equos.
585 2417 699 2500 Itaque
722 2437 788 2480 non
810 2416 997 2479 mirandum
1020 2422 1077 2498 est,
1101 2418 1190 2500 quod

27 2525 28 2530 ’
117 2527 244 2586 tantum
267 2523 328 2586 fuit
351 2526 489 2606 pretium
513 2544 680 2607 equorum.
704 2530 740 2587 ut
764 2523 847 2586 nulli
877 2524 940 2586 nisi
963 2523 1189 2606 locupletiores

120 2631 208 2693 cives
232 2630 449 2694 Athenienses
472 2631 545 2694 illos
569 2630 629 2694 sibi
663 2649 847 2712 comparare
870 2635 1011 2713 possent.
1057 2628 1189 2694 Peiores

27 2741 28 2748 ’
118 2755 221 2818 equos
256 2755 495 2820 nonnunquam
529 2735 634 2800 tribus
667 2737 766 2800 minis
806 2738 870 2799 emi
906 2737 1061 2818 potuisse,
1101 2737 1188 2819 apud

28 2905 29 2910 ,
118 2843 250 2906 Isaeum
274 2841 449 2928 legimusfi)
495 2842 597 2906 Multo
627 2843 701 2925 plus
734 2847 844 2906 eutem
870 2843 1010 2926 pendere
1034 2841 1188 2923 solebant,

28 2937 30 2962 i
119 2951 178 3042 qui
214 2969 337 3032 equum
372 2968 477 3012 emere
509 2944 722 3032 volueruntfi)
759 2954 856 3031 atque
888 2948 1058 3013 duodecim
1090 2950 1190 3012 minis

27 3047 28 3066 ³
119 3058 244 3121 stetisse
268 3055 370 3118 bonos
394 3074 495 3138 equos
519 3056 560 3118 ud
584 3056 797 3138 equitandum
823 3057 966 3133 idoneos,
992 3055 1056 3118 duo
1073 3054 1190 3118 docent

117 3164 181 3226 loci
214 3159 479 3245 Aristophauei,⁷)
519 3163 605 3244 quod
649 3163 713 3226 illis
753 3163 952 3246 temporibus
991 3161 1189 3244 permultum

226 3443 253 3510 1)
271 3443 301 3498 L.
320 3443 339 3497 l.
357 3460 383 3510 p.
404 3445 446 3498 13.
465 3459 523 3512 sqq.

168 3550 175 3564 ¹
226 3533 254 3599 2)
271 3532 294 3599 Ι,
313 3547 372 3600 pag.
392 3533 453 3586 367.

225 3620 253 3690 3)
271 3621 311 3673 De
329 3620 445 3675 Philoct.
465 3620 556 3676 hored.
575 3638 598 3675 c.
618 3623 644 3681 5.

224 3713 253 3777 4)
271 3709 371 3764 Herod.
401 3709 449 3777 VI,
482 3710 534 3764 102
563 3718 606 3763 καὶ
632 3698 666 3778 ἦν
694 3709 745 3782 γὰρ
767 3705 782 3762 ὁ
806 3709 949 3781 Μαραθών
972 3696 1188 3777 ἐπιτηδειότατον

115 3805 215 3870 χοιρίον
233 3799 279 3866 τῆς
294 3788 412 3864 Ἀττικῆς
430 3798 563 3852 ἱππεῦσαι.

226 3886 253 3957 5)
272 3887 313 3940 De
335 3885 461 3955 Dicaeog.
488 3885 580 3942 hored.
610 3889 654 3941 42.
694 3879 732 3941 Ori
756 3886 807 3959 γὰρ
836 3885 947 3942 πώποτε
971 3884 1074 3954 ἐκτήσω
1102 3889 1187 3942 ἵππον

116 3976 237 4032 πλείονος
254 3973 329 4037 ἄξιον
345 3973 362 4041 ἢ
382 3975 465 4044 τριῶν
482 3975 566 4044 μνῶν.
973 4030 975 4034 ³

227 4065 254 4134 6)
272 4063 542 4118 Buechsenschuetz:
556 4063 647 4118 Besitz
660 4065 715 4118 und
722 4065 834 4119 Erwerb
845 4065 885 4118 im
898 4065 1087 4135 griechischen
1096 4065 1189 4120 Alter·

116 4155 197 4208 thum
215 4169 241 4220 p.
261 4154 321 4207 216.

228 4241 254 4312 7)
273 4241 367 4295 Nubes
377 4242 423 4296 22:
441 4241 492 4294 Τοῦ
500 4237 600 4294 δώδεκα
610 4241 678 4309 μνᾶς
685 4249 785 4309 Πασίᾳ;
795 4249 824 4295 τί
832 4239 982 4313 ἐχρησάμην
994 4234 1044 4297 ‘Ur’
1055 4240 1188 4315 ἐπριάμην
