2967 4917
605 420 644 482 27

188 608 336 692 Denique
360 614 406 691 ut,
438 627 521 692 quae
545 608 623 690 dixi,
656 610 768 693 paucis
798 609 998 692 complectar,
1025 611 1166 694 primum

100 716 282 801 hipparchi,
315 734 397 798 quos
427 715 559 778 idoneos
591 734 662 779 esse
692 715 945 796 arbitrabantur,
980 714 1167 799 eligebantl)

97 825 294 905 nominaque
327 840 438 886 eorum
469 823 504 884 in
538 822 682 885 medium
706 821 918 905 proferebant,
950 823 1076 903 deinde,
1107 822 1166 885 ubi

96 930 168 993 fieri
190 933 322 1013 poterat,
344 928 568 1012 persuadendo
585 912 723 992 delectos
748 928 1001 1010 commovebant,
1023 933 1060 991 ut
1075 928 1165 1010 equi·

97 1041 211 1117 tarent,
235 1035 292 1099 ubi
316 1054 383 1098 non
406 1038 536 1118 poterat,
558 1035 686 1119 legibus
710 1034 873 1118 cogebant.

606 1264 662 1327 IV.

306 1422 330 1471 μ
384 1390 428 1458 ba
450 1389 592 1474 equitum
617 1388 877 1475 probationibus.

186 1514 323 1578 Senatus
347 1514 470 1597 equites
495 1515 607 1577 atticos
631 1513 832 1577 custodiebat
863 1533 981 1597 eosque
1008 1515 1096 1597 ipsos
1119 1519 1166 1577 at-

94 1640 160 1705 que
184 1640 286 1703 equos
316 1617 509 1704 probabat.²)
558 1617 661 1695 Quam
693 1620 914 1704 probationem
938 1616 1164 1712 (δοκιμασίακ)

94 1728 257 1811 duplicem
281 1727 392 1807 fuisse,
414 1728 479 1789 iam
503 1746 601 1810 supra
625 1723 729 1801 dixisst
777 1726 905 1811 Singuli
928 1729 1015 1792 enim
1032 1729 1165 1811 equites,

92 1836 288 1917 priusquam
320 1834 354 1896 in
386 1833 530 1896 ordinem
554 1832 674 1896 redacti
699 1838 775 1896 sunt
798 1838 894 1915 atque
917 1836 1089 1897 catastasin
1113 1854 1165 1897 ac·

92 1945 260 2024 ceperunt,
283 1939 502 2023 probationem
529 1944 661 2003 senatus
685 1945 716 2004 et
738 1940 801 2023 ipsi
825 1945 856 2003 et
879 1942 954 2023 equi
978 1940 1086 2005 subire
1110 1941 1163 2004 de-

92 2046 228 2128 bebant,
260 2064 358 2129 quare
390 2046 424 2108 in
455 2047 552 2109 lexici
583 2045 771 2129 Segueriani
805 2047 874 2109 loco
906 2066 1003 2130 supra
1032 2047 1163 2110 laudato

91 2152 241 2238 probatio
264 2152 320 2214 illa
336 2147 541 2229 κατάστασις
563 2152 749 2235 appellatur.
795 2153 943 2216 Alterum
965 2148 1164 2235 δοκιμασίας

91 2280 201 2345 genus
224 2277 290 2321 non
314 2259 353 2321 ad
378 2260 521 2342 singulos
545 2259 678 2341 equites
712 2258 768 2321 sed
791 2259 831 2322 ad
856 2263 960 2323 totum
984 2261 1162 2343 equitatum

26 2398 29 2407 Α
91 2363 282 2449 pertinebat
330 2362 392 2439 Qui
416 2358 638 2447 ἀδοκίμαστος
660 2366 746 2428 inter
768 2367 894 2448 equites
916 2371 1061 2449 mereret,
1085 2386 1161 2430 eum

91 2473 208 2556 capitis
232 2470 480 2533 diminutionem
503 2472 579 2554 pati,
610 2460 729 2553 ἄτιμον
752 2490 831 2556 esse,
860 2473 947 2556 leges
969 2471 1163 2553 iubebant.4)

88 2578 122 2642 N
123 2598 170 2643 on
194 2577 374 2641 censoriam
398 2576 481 2639 hano
505 2579 651 2660 equitum
674 2578 905 2662 probationem,
932 2585 969 2643 ut
992 2580 1077 2663 apud
1100 2578 1163 2643 aa

88 2703 219 2761 manos,
251 2682 307 2746 sed
338 2682 507 2747 militarem
539 2688 666 2747 tantum
695 2684 806 2767 fuisse,
837 2691 923 2751 recte
953 2686 1162 2750 Hermannns

88 2786 285 2875 admonet,5)
318 2789 375 2852 sed
408 2790 471 2853 duo
503 2790 559 2851 illa
588 2790 814 2873 probationum
851 2812 972 2876 genera
1002 2792 1062 2855 hoo
1092 2792 1161 2855 loco

88 2896 274 2977 confundit,
305 2895 390 2978 quod
422 2896 485 2958 iam
509 2894 671 2980 Sauppins
703 2894 933 2981 vituperavitss)
979 2898 1022 2960 Et
1044 2899 1079 2960 in
1101 2898 1162 2960 hac

204 3087 230 3157 1)
248 3087 312 3156 Lys.
330 3086 406 3154 XVI,
418 3088 464 3143 13:
483 3083 526 3141 ὑπ’
545 3080 727 3159 Ὀρθοβούλου
746 3088 937 3162 κοτειὶκχαένος
954 3087 1080 3144 ἱππεύειν.

202 3179 230 3244 2)
248 3176 372 3244 Xenoph.
391 3175 537 3244 Hippareh.
556 3178 578 3246 I,
588 3179 613 3234 8.
650 3183 706 3232 ἐπεὶ
728 3176 757 3231 δὲ
775 3186 817 3231 καὶ
840 3174 948 3246 ἡπόλις
967 3221 973 3235 .
993 3220 999 3231 .
1019 3222 1027 3239 .
1047 3221 1053 3233 .
1075 3200 1162 3251 προσ-

84 3268 166 3330 έταξε
190 3266 219 3319 δὲ
243 3264 279 3337 τῇ
300 3264 385 3336 βουλῇ
407 3265 627 3336 campaniacum
651 3268 701 3321 τοῦ
726 3268 835 3323 ἱππικοῦ
857 3293 880 3325 κ.
898 3292 923 3328 τ,
942 3267 964 3322 λ,
993 3268 1056 3321 vide
1079 3268 1162 3322 etiam

84 3357 100 3425 ἐ
121 3358 162 3413 13
192 3385 226 3394 -
246 3354 344 3410 Oeoon.
361 3355 412 3423 IX,
424 3356 465 3413 15.
490 3363 595 3425 νομίσαι
613 3344 662 3409 οἷον
678 3356 796 3411 ἐκεἏιο-οα
815 3401 821 3413 .
841 3400 848 3415 .
868 3400 874 3414 .
894 3399 900 3413 .
926 3355 1015 3427 ὥσπερ
1037 3351 1053 3424 ἡ
1077 3356 1162 3429 βουλὴ

83 3449 190 3500 innovo
212 3451 254 3497 καὶ
272 3445 365 3500 ἱππέας
383 3441 521 3513 δοκιμάζει,
549 3474 583 3483 -
611 3444 768 3512 Harpocrat.
788 3464 810 3502 s.
829 3465 855 3501 v.
882 3446 1058 3516 Δοκιμασθείς
1076 3459 1082 3472 ·
1101 3452 1162 3498 Λα-

81 3535 204 3606 κοῦργοσ
221 3539 251 3586 ἐν
268 3534 304 3604 τῇ
322 3532 444 3603 περὶτῆς
462 3530 611 3600 διοικήσεως
628 3533 652 3604 γ’
671 3530 820 3601 δοκιμασιαι
831 3534 898 3589 κατὰ
916 3533 966 3588 τὸν
978 3532 1069 3604 νόμον,
1088 3541 1160 3605 φησι,

80 3631 229 3695 γίγνονται
242 3662 247 3673 .
263 3666 269 3678 ,
283 3662 289 3676 .
302 3668 308 3680 ,
320 3619 386 3692 λέγει
398 3627 489 3681 μέντοι
499 3626 529 3673 ἐν
541 3621 581 3689 τῷ
593 3612 668 3688 αὐτῷ
685 3619 755 3693 λόγῳ
773 3631 816 3677 καὶ
832 3625 936 3678 ἱππέων
947 3622 1107 3692 δοκιμοσιαν.
1128 3652 1160 3661 -

81 3713 158 3765 Vide
187 3709 306 3767 Boeohh.
332 3708 517 3764 Staatshaush.
545 3709 570 3761 d.
594 3710 657 3763 Ath.
682 3709 708 3762 1²
731 3728 758 3779 p.
782 3713 844 3769 352.
880 3712 992 3766 Koeite:
1020 3710 1162 3765 Archaeol.

81 3802 209 3869 Zeitung
228 3798 298 3855 1880
315 3815 340 3866 p.
361 3799 411 3853 177
431 3813 503 3865 seqq.

200 3887 228 3957 3)
247 3886 304 3956 Pag
331 3888 374 3942 17.

200 3977 229 4046 4)
247 3974 344 4043 Lysias
362 3973 438 4043 XIV,
451 3974 478 4029 8.
515 4016 520 4029 .
541 4014 547 4027 .
566 3974 608 4029 ὅτι
626 3977 676 4029 τοῦ
694 3975 778 4047 νόμον
795 3976 951 4043 κελεύοντος,
975 3976 1022 4032 ἐάν
1040 4000 1078 4034 τις
1095 3970 1161 4031 ‹lio-

78 4075 217 4139 κίμαστος
235 4060 332 4135 ἱππεύῃ
351 4061 448 4133 ἄτιμον
464 4063 538 4118 εἶναι.
574 4086 596 4121 ιι,
616 4086 639 4118 τ.
658 4064 680 4120 l..

199 4152 227 4222 5)
246 4152 287 4206 De
306 4168 358 4220 equ
385 4154 431 4205 att.
450 4169 476 4219 p.
495 4151 537 4206 28.

199 4242 227 4312 6)
246 4240 403 4310 Philologus
420 4242 475 4295 XV
492 4258 518 4309 p.
538 4244 580 4298 71.
