2967 4917
637 466 656 527 5

114 657 247 737 stinent,
270 655 427 719 nimirum
451 675 469 717 a
493 654 648 719 divitibus
682 674 813 739 corpore
847 674 924 720 vero
951 654 1181 739 impotentibus

114 767 148 826 et
183 762 223 825 ab
259 760 356 844 orbis,
392 760 512 845 quibus
547 762 652 845 opima
682 761 811 825 fortuna
841 766 898 844 est,
929 782 1005 825 nam
1032 782 1087 827 eos
1114 783 1181 827 non

116 870 213 933 modo
238 890 256 933 a
279 887 416 933 munere
440 862 679 956 ἱπποτροφίας,
709 868 766 933 sed
793 869 891 932 etiam
925 868 966 932 ab
989 870 1078 933 omni
1108 890 1181 934 mn-

116 995 234 1039 nerum
257 994 375 1059 genere
397 976 560 1039 immunes
591 975 693 1041 fuisse
724 974 855 1039 aliunde
886 974 1045 1056 constatlt
1091 975 1182 1051 Quae

115 1103 193 1147 cum
228 1085 274 1145 ita
308 1082 382 1163 sint,
415 1082 442 1144 si
480 1085 589 1145 tamen
625 1084 698 1165 quis
732 1082 857 1148 Budaei
894 1085 1109 1147 coniecturam
1132 1073 1183 1161 οἷς

117 1184 261 1277 καθήκει
286 1181 323 1252 τὸ
348 1181 493 1252 ἱππικόν
515 1188 707 1271 comprobet,
730 1208 804 1252 eum
828 1190 916 1253 hunc
937 1191 1045 1253 locum
1067 1191 1113 1253 ita
1134 1191 1183 1253 iu-

115 1296 270 1378 tellegere
293 1314 375 1377 opus
398 1298 456 1376 est,
478 1298 516 1357 ut
534 1294 574 1359 de
589 1295 660 1379 lege
675 1295 807 1361 ferenda
822 1297 975 1379 loquatur
990 1294 1184 1380 Xenophon,

117 1422 186 1485 qua
218 1407 326 1465 tamen
355 1401 391 1463 in
422 1419 458 1463 re
481 1404 616 1466 eventus
644 1402 730 1467 idem
753 1402 855 1467 fuisse
878 1403 1016 1484 videtur,
1050 1422 1086 1465 ac
1109 1422 1184 1465 cum

117 1513 236 1593 quarto
259 1508 347 1571 illius
370 1506 455 1589 libri,
488 1526 583 1589 quem
608 1508 647 1572 de
670 1508 882 1593 vectigalibus
914 1510 1050 1593 scripsit,
1083 1508 1186 1592 capite
1260 1576 1271 1590 ,

117 1615 251 1680 metalla
278 1634 344 1677 nou
368 1634 387 1676 a
411 1614 546 1697 singulis
570 1614 696 1679 civibus
720 1616 778 1679 sed
801 1636 820 1679 a
842 1620 908 1679 tota
931 1612 1096 1698 republica
1115 1634 1185 1679 sus·

115 1721 269 1805 cipienda
300 1726 396 1804 atque
429 1720 683 1785 administranda
715 1741 795 1799 esse,
829 1721 1083 1785 Atheniensibus
1116 1739 1185 1804 per-

117 1826 258 1892 suadere
281 1832 461 1892 conaretur.
484 1864 527 1874 -
550 1826 667 1892 Paucis
690 1846 946 1910 commemorem,
969 1828 1056 1911 quod
1080 1828 1121 1891 ad
1143 1828 1191 1891 lo·

118 1954 201 1999 oum
235 1938 383 1998 nostrum
416 1934 598 1998 sanandum
628 1936 794 2019 proposuit
825 1934 858 2000 C.
884 1934 916 1998 h.
940 1932 1187 2019 Hermannus,2)

118 2042 279 2125 quicum
303 2036 444 2129 καθήκοι
468 2040 550 2103 illud
573 2040 698 2105 Budaei
723 2062 742 2104 a
764 2043 880 2106 litteris
908 2042 1005 2105 nimis
1039 2041 1188 2104 recedere

119 2148 332 2227 existimaret,
374 2146 530 2230 probante
562 2144 740 2233 Sauppio,3)
775 2149 929 2212 leniorem
960 2148 1190 2211 correctionem

120 2254 360 2318 commendavit
383 2256 453 2331 τοῖς
475 2255 660 2319 καθιστᾶσι
685 2249 722 2318 τὸ
740 2249 894 2333 ἱππικόν,
921 2253 956 2316 id
980 2253 1065 2336 quod
1088 2255 1188 2317 iuter·

123 2347 270 2445 pretatur
285 2362 343 2442 „iis
360 2363 416 2443 qui
432 2362 669 2426 constituerunt
681 2362 791 2444 eqites,
809 2360 993 2444 hipparchis
1009 2360 1190 2422 nimirum“.

124 2467 286 2543 Quamvis
308 2487 350 2531 ne
373 2487 431 2551 ego
456 2468 587 2550 quidem
602 2468 728 2532 Budaei
744 2470 962 2531 coniecturam
978 2466 1191 2550 comprobem,

124 2576 185 2639 hoc
220 2580 328 2638 tamen
371 2574 551 2638 Hermanni
592 2580 820 2659 argumentum
865 2573 1076 2638 refutandum
1121 2592 1192 2638 esse

91 2748 93 2751 ,
127 2682 291 2760 existim03
317 2700 393 2744 cum
417 2683 504 2746 enim
528 2701 721 2765 magnopere
745 2685 896 2763 corrupta
912 2680 978 2743 sint
992 2680 1067 2743 libri
1082 2679 1192 2743 Xeno-

125 2789 260 2873 phontei
282 2788 448 2871 imprimiS,
473 2807 556 2871 quae
579 2790 697 2872 scripta
720 2790 846 2851 minora
870 2788 1030 2869 dicuntur,
1064 2807 1082 2849 a
1106 2785 1193 2848 codi-

128 2919 202 2962 cum
227 2916 327 2959 manu
351 2896 541 2979 scriptorum
564 2895 699 2958 lectione
720 2895 886 2977 aliquanto
901 2894 1031 2975 longius
1047 2892 1194 2955 recedere
1296 2896 1300 2903 “

127 2996 293 3069 interdum
316 3002 431 3066 licebit.
485 2999 610 3065 Deinde
634 3001 715 3063 nihil
738 3000 778 3063 ad
801 3018 870 3062 rem
893 3000 1016 3080 attinet,
1040 2998 1114 3080 quis
1143 2998 1194 3075 sit,

129 3114 187 3197 qui
222 3111 358 3193 accipiat
391 3109 481 3171 illam
514 3109 695 3191 pecuniam,
729 3106 786 3171 sed
821 3108 878 3189 qui
910 3104 1036 3188 pendat.
1087 3105 1195 3187 Atque

128 3218 258 3284 etiamsi
268 3216 401 3300 respicis
419 3214 587 3278 verbosam
602 3213 828 3297 Xenophontis
849 3213 1071 3289 elocutionem,
1089 3215 1197 3273 tamen

127 3344 264 3411 prorsus
287 3323 413 3386 inutilia
437 3341 474 3385 ac
497 3340 745 3404 supervacanea.
761 3320 914 3384 videntur
936 3338 1007 3383 esse
1029 3318 1084 3380 illa
1099 3315 1198 3380 verba

128 3435 202 3509 τοῖς
229 3430 416 3495 καθιστᾶσι
445 3423 483 3493 τὸ
507 3423 658 3492 irratabo.
694 3464 735 3473 -
771 3426 933 3490 Tractanti
966 3426 1054 3489 hunc
1088 3423 1198 3486 locum

128 3538 213 3603 mihi
234 3537 338 3618 liceat,
364 3535 545 3599 Hermanni
568 3534 761 3599 senteutiam
784 3529 978 3616 quandam4)
1003 3547 1197 3613 oppugnare.

240 3680 266 3747 l)
285 3677 382 3746 Lysias
400 3674 520 3741 XXXII,
546 3676 588 3731 24.
625 3666 752 3747 ὀρφανοῖς
770 3712 778 3729 .
798 3714 804 3727 .
824 3713 830 3726 .
851 3714 857 3725 .
877 3666 921 3726 οὓς
943 3664 958 3737 ἡ
977 3665 1051 3723 aolus
1069 3657 1100 3720 οὗ
1114 3664 1200 3735 μόνον

128 3766 229 3825 παῖδας
258 3766 339 3824 ὄντας
368 3758 466 3822 trebie
496 3772 631 3833 ἐκοιήσει,
676 3761 739 3816 illa
769 3767 811 3814 καὶ
845 3756 953 3811 ἐπειδὰν
988 3755 1199 3825 δοκιμασθῶσιν,

129 3854 256 3911 ἐνιαυτὸν
282 3847 391 3934 Ἰαἰσῆκεκ
430 3852 543 3910 ἁπασῶν
572 3853 629 3907 τῶν
661 3848 836 3922 λειτουργιῶν.
893 3846 962 3899 Vide
992 3843 1130 3897 Demosth.
1168 3843 1202 3895 de

131 3962 231 4015 symm.
269 3946 285 4013 ἕ
304 3945 348 3999 16.

242 4036 270 4102 2)
289 4034 329 4087 De
348 4032 484 4101 equitibus
503 4031 592 4086 atticis
611 4047 636 4097 p.
654 4030 699 4084 26.

242 4124 270 4191 3)
288 4122 448 4190 Philologus
465 4121 527 4188 XV,
546 4138 571 4188 p.
592 4120 634 4173 76.
671 4117 805 4185 Sauppius
824 4130 871 4184 pro
889 4110 932 4166 ὅτι
951 4110 1123 4165 scribendum
1143 4123 1202 4161 csse

135 4214 212 4281 putat
229 4208 283 4267 ὅτε.

243 4302 270 4373 4)
289 4302 319 4357 L.
338 4300 355 4357 l.
375 4317 402 4369 p.
421 4302 463 4355 24.
