2967 4917
824 421 865 484 26

307 629 349 673 ne
372 611 481 673 minus
505 611 689 674 valentibus
712 610 878 673 excusatio
902 610 953 691 sit,
976 629 1122 693 quosque
1146 613 1202 694 qui
1225 632 1293 675 non
1317 633 1371 677 vo-

308 721 390 797 cent,
413 719 554 801 corrupti
573 736 642 781 esse
666 717 845 796 videantur,
868 714 1051 799 Xenophon
1076 718 1167 780 dieat.
1214 719 1323 801 Atque
1343 722 1369 783 si

307 824 442 906 respicio
466 824 633 906 sequentia
655 824 755 887 verba
778 822 808 903 (ᾖ
835 820 890 907 11)
914 817 963 885 ἔτι
988 820 1103 887 δὲκαὶ
1127 817 1229 900 οὕτως
1251 813 1292 888 ι’ίν
1312 850 1372 908 μοι

308 928 397 993 δοκεῖ
438 954 490 1007 τις
524 927 610 1007 νέους
643 928 702 1011 μὲν
736 923 778 992 τὰ
812 925 846 991 ἓν
881 923 1008 1017 ἱππικῇ
1035 925 1173 1016 λαμπρὰ
1200 927 1302 1016 λέγων
1324 928 1374 1009 εἰς

306 1031 493 1118 ἐπιθυμίαν
526 1032 732 1100 καθιστάναι
768 1036 825 1099 τοῦ
858 1029 1020 1114 ἱππεύειν,
1067 1030 1141 1113 τοὺς
1175 1035 1211 1101 δὲ
1245 1033 1374 1124 κυρίους

308 1133 414 1205 αίτῶν
428 1129 526 1231 ἧττον
542 1134 782 1219 ἀντιτείνοντας
796 1137 889 1222 ἔχειν,
914 1138 993 1205 τάδε
1005 1138 1180 1222 διδάσκιον,
1206 1136 1251 1221 αἱς
1273 1136 1374 1230 άναγ-

308 1246 536 1339 κασθήσονται
559 1247 620 1332 μὲν
643 1245 867 1334 ἱπποτροφεῖν
889 1241 928 1336 ἢν
949 1243 995 1336 μὴ
1019 1241 1085 1313 ἱπὸ
1110 1251 1175 1328 σοῦ,
1201 1242 1255 1313 ὑπ’
1274 1240 1375 1314 άλλου

307 1352 365 1421 διὰ
399 1352 440 1421 τὰ
475 1352 632 1445 χρήματα,
670 1354 854 1437 Xenophon
886 1355 967 1417 nihil
998 1355 1103 1419 dicere
1131 1357 1209 1419 mihi
1233 1357 1376 1439 videtur,

306 1465 370 1527 uisi
394 1464 578 1527 conandum
602 1481 671 1526 esse
694 1462 867 1545 hipparcho
898 1461 1094 1544 persuadere
1120 1469 1152 1526 et
1183 1463 1374 1527 adulescen-

307 1568 395 1634 tibus
418 1571 507 1653 ipsis,
531 1573 568 1632 ut
591 1570 715 1651 equites
738 1567 826 1649 fiant,
848 1572 880 1631 et
903 1568 1091 1650 parentibus
1114 1570 1183 1632 sive
1198 1569 1374 1652 tutoribus,

308 1695 350 1739 ne
384 1677 457 1739 illos
492 1676 666 1758 equitando
699 1679 839 1755 arceant,
871 1676 923 1737 sin
939 1674 1109 1756 'recusent
1136 1696 1155 1738 a
1178 1695 1212 1739 se
1242 1677 1294 1739 vel
1329 1677 1375 1740 ab

277 1834 279 1839 ,
309 1784 371 1846 alio
396 1783 534 1865 quodam
570 1800 624 1846 eos
648 1785 792 1844 coactum
817 1782 867 1862 iri,
891 1781 1143 1861 ostendendum·
1176 1774 1376 1867 ἀναγκάζειν

307 1890 369 1953 hoc
392 1890 462 1952 loco
485 1889 571 1952 idem
596 1887 763 1971 siguificat,
798 1888 884 1971 quod
919 1892 1013 1950 antea
1040 1888 1166 1951 dixerat
1187 1888 1376 1973 Xenophon
1476 1897 1477 1908 ¹

305 1992 353 2074 εἰς
376 1992 588 2084 δικαστήριον
610 1990 761 2079 εἰσάγειν,
786 1994 872 2077 quod
891 1993 931 2056 ad
948 2013 1002 2057 eos
1017 1999 1142 2057 tantum
1167 1994 1377 2060 referendum

307 2122 378 2167 esse
402 2107 540 2185 apparet,
564 2100 683 2184 quibus
702 2107 740 2164 ut
755 2102 946 2183 equitarent,
968 2102 1160 2183 persuadere
1177 2102 1377 2185 hipparchus

305 2230 372 2275 non
402 2211 513 2293 potuit.
567 2209 675 2291 Atque
706 2212 829 2271 tutores
863 2208 931 2270 sive
962 2212 1110 2290 parentes
1141 2203 1292 2293 (κυρίους)
1324 2208 1376 2271 fa·
1476 2229 1477 2262 ι

284 2317 423 2380 ‘oillime
446 2316 656 2399 hipparchum
680 2333 882 2377 commorere
903 2333 1007 2396 posse,
1034 2313 1216 2397 Xenophon
1239 2312 1319 2396 niul)
1345 2318 1377 2379 si
1476 2313 1477 2398 J

305 2423 345 2486 ab
369 2424 493 2487 insanis
518 2440 676 2505 equorum
701 2417 916 2503 emptionibus
932 2440 967 2484 se
981 2422 1117 2484 iuvenes
1132 2420 1377 2504 prohibiturum
1476 2409 1477 2430 ἱ

304 2548 376 2595 esse
399 2528 594 2613 profiteatur.
1134 2525 1137 2531 ’
1476 2597 1477 2602 1

412 2634 475 2711 Qui
499 2636 623 2717 equites
651 2652 775 2697 merere
797 2634 879 2696 iussi
908 2634 959 2695 vel
982 2634 1113 2717 omnino
1137 2635 1310 2716 equitando
1336 2656 1377 2701 se
1476 2701 1477 2720 ἶ

308 2742 512 2807 abstinebant
544 2742 595 2805 vcl
628 2742 808 2824 equitatum
840 2740 1054 2804 deseruerunt
1077 2731 1280 2826 ἀστρατείας,
1312 2746 1377 2824 qui
1476 2727 1477 2732 ἱ

305 2850 343 2912 ad
370 2848 458 2912 aliud
481 2848 641 2911 militandi
661 2866 767 2931 genus
788 2848 995 2924 transierunt,
1017 2842 1213 2927 λιποταξίου
1228 2852 1377 2913 accusati

305 2965 383 3022 sunt
406 2962 501 3040 atque
518 2948 657 3037 ἀτιμίας,
676 2973 812 3037 poenam
837 2950 1104 3031 commiserunt‚2)
1128 2955 1215 3036 quod
1237 2956 1282 3017 ita
1304 2957 1377 3021 iam

305 3084 323 3126 a
347 3062 463 3127 Solone
487 3064 672 3126 institutum
697 3079 767 3124 esse
791 3060 942 3123 traditum
967 3056 1049 3138 esth)

411 3274 437 3343 1)
456 3272 604 3342 Hipparoh.
622 3271 644 3338 Ι,
658 3272 706 3325 12:
731 3269 766 3337 ἢν
788 3268 816 3322 δὲ
838 3275 882 3323 ἐπὶ
903 3271 953 3324 σου
976 3263 1115 3339 άναβιόσιν
1137 3268 1173 3329 ὡς
1196 3264 1379 3345 άποστρελμεις

278 3428 280 3432 ⁴
304 3367 353 3433 μὲν
376 3360 439 3418 τοὺς
460 3358 557 3415 παῖδας
581 3352 691 3428 [αίτῶν]
715 3359 773 3412 τῶν
794 3356 946 3412 πολυτελῶν
966 3382 996 3413 τε
1017 3366 1061 3413 καὶ
1081 3362 1200 3429 μανικῶν
1222 3364 1375 3432 ἱπποινιῶν,

223 3466 226 3471 ’
303 3449 449 3521 ἐπιμελήσει
467 3447 496 3503 δὲ·
514 3446 549 3505 αἱς
568 3448 601 3503 dv
619 3446 684 3514 ταχύ
702 3448 803 3501 ἱππικοί
820 3454 962 3523 γίγνοιντο.
992 3449 1050 3503 Hoc
1069 3449 1128 3503 loco
1147 3452 1260 3505 verbum
1278 3445 1376 3508 αόταῖν

302 3544 363 3609 pest
381 3538 477 3595 παῖδας
495 3538 640 3592 delendum
652 3553 719 3606 esse,
738 3536 869 3605 quianon
880 3536 934 3589 nisi
948 3538 982 3590 ad
1001 3545 1055 3591 νέοι
1068 3539 1094 3607 (5
1107 3538 1152 3608 11)
1164 3539 1258 3593 referri
1276 3542 1376 3615 possit,

302 3629 429 3699 probavit
446 3627 586 3682 Ruehlius.
625 3628 756 3682 Zeitschr.
774 3627 792 3683 f.
811 3628 891 3683 cestr.
910 3625 1007 3694 Gymn.
1027 3628 1097 3683 1880
1115 3646 1141 3697 p.
1158 3628 1221 3683 402.

411 3718 437 3786 2)
457 3719 496 3772 De
508 3718 560 3771 hac
579 3734 607 3771 re
621 3718 720 3785 optimc
733 3715 863 3769 disseruit
874 3714 1040 3785 Frohberger
1051 3716 1100 3773 Ed.
1114 3716 1177 3785 Lys.
1186 3716 1214 3770 H
1225 3734 1251 3785 p.
1265 3720 1280 3773 1
1293 3735 1372 3790 seqq,

409 3807 438 3877 3)
456 3807 583 3861 Aeschin.
604 3806 722 3874 Ctesiph.
743 3808 808 3862 175:
839 3803 854 3859 ό
872 3806 923 3878 γὰρ
941 3803 1036 3858 Σόλων
1058 3801 1200 3862 όιιαλαιόε
1216 3810 1375 3877 νομοθέτης

302 3901 332 3949 ἐν
349 3903 407 3951 τοῖς
424 3888 515 3951 αὐτοῖς
532 3900 668 3964 ἐπιτιμίοις
686 3893 754 3963 ᾤετο
773 3894 829 3948 δεῖν
846 3897 984 3961 ἐνέχεσθαι
1000 3893 1050 3948 τόν
1067 3885 1249 3965 άστράτευτον
1265 3897 1374 3953 καὶτὸν

302 3981 441 4038 λελοιπότα
459 3982 510 4051 τὴν
527 3981 603 4045 τάξιν
621 3983 729 4037 καὶτὸν
747 3982 832 4037 δειλόν
850 3979 946 4053 ὁμοίως
965 4026 971 4039 .
992 4025 997 4037 .
1018 4025 1025 4038 .
1043 4025 1047 4036 .
1085 3985 1149 4039 176:
1172 3980 1187 4036 ὁ
1209 3989 1259 4053 μὲν
1276 3993 1373 4040 τοίνυν

300 4075 454 4144 νομοθέτης
471 4072 520 4127 τὸν
539 4064 719 4144 ἀστράτευτον
736 4076 780 4126 καί
796 4071 846 4126 τδν
863 4071 948 4126 δειλόν
965 4080 1007 4126 καὶ
1024 4070 1074 4125 τὸν
1091 4068 1203 4126 λιπόντα
1220 4072 1272 4139 τὴν
1293 4072 1374 4136 τάξιν

300 4162 351 4224 ἐξω
369 4163 426 4217 τῶν
443 4169 666 4234 περιρραντηρίων
685 4163 730 4229 τῆς
748 4154 845 4233 άγορᾶε
861 4162 972 4233 ἐξείργει,
996 4167 1039 4214 καὶ
1056 4153 1104 4215 οὐκ
1120 4161 1153 4228 ἐᾷ
1169 4162 1374 4233 στεφανοῦσθαι

302 4243 357 4305 οὔδ’
377 4254 483 4305 εἰσιέναι
500 4254 534 4306 εἰς
551 4249 587 4304 τά
604 4249 659 4321 ἱερά
677 4251 711 4303 τὰ
729 4249 869 4320 δημοτελῆ.
905 4250 975 4303 Vide
993 4249 1159 4320 Frohbcrger
1175 4250 1194 4305 l.
1212 4248 1231 4304 l.
