2967 4917
801 402 822 465 8

276 594 388 675 fuisse,
411 612 529 676 negare
551 612 617 657 non
637 589 824 676 poterimus,
848 612 1043 676 quamquam
1060 611 1202 676 aequum
1218 609 1346 674 semper

277 702 419 784 pretium
434 700 542 783 fuisse,
566 699 760 763 contendere
783 719 849 763 non
874 699 922 762 fas
946 704 1002 781 est,
1025 700 1115 763 velut
1138 700 1236 762 etiam
1259 698 1345 760 inter

277 811 406 889 poetam
439 812 470 870 et
496 809 581 870 inter
613 812 780 887 oratorem,
815 807 873 889 qui
909 805 1036 869 diversa
1059 805 1098 869 de
1130 806 1191 867 hac
1214 822 1249 867 rc
1277 823 1344 867 rne-

278 914 399 976 moriae
418 912 639 996 tradiderunt,
672 917 804 977 centurn
827 912 896 979 lere,
915 914 992 975 anni
1015 913 1186 975 intersunt.
1233 911 1345 992 Atque

277 1038 470 1103 permagnus
501 1021 658 1103 pecunias
691 1020 783 1102 equis
815 1020 978 1102 impensas
1011 1038 1082 1083 csse
1113 1016 1279 1080 interdum
1303 1016 1343 1078 ab

278 1126 543 1209 Atheniensibus,
567 1146 609 1190 ex
633 1145 670 1190 eo
686 1125 912 1209 Xenophontis
934 1126 1004 1189 loco
1021 1126 1127 1189 evinci
1142 1129 1254 1208 potest,
1278 1143 1345 1206 quo

279 1232 491 1316 hipparchum
530 1252 564 1296 sc
598 1234 734 1296 iuvenes
766 1232 805 1295 ab
845 1233 971 1295 insanis
1010 1237 1107 1313 atque
1145 1233 1346 1314 sumptuosis

279 1357 436 1420 equorum
453 1339 668 1422 emptionibus
685 1344 851 1402 arcturum
871 1357 952 1418 esse,
973 1336 1161 1421 parentibus
1177 1336 1348 1400 ostendere

279 1442 382 1525 iubet3
409 1430 452 1521 ὡς
476 1437 710 1531 ἀποστρέψεις,
727 1443 860 1528 inquitll
884 1440 959 1521 τοὺς
980 1442 1039 1527 μὲν
1062 1442 1189 1519 παῖδας
1213 1432 1347 1525 [αὐτῶν]

279 1550 345 1614 τῶν
368 1551 555 1615 ποτυτελῶν
578 1549 684 1616 τεκαὶ
708 1553 857 1634 μανικῶν
878 1546 1058 1615 {auravicen
1080 1574 1108 1613 κ.
1133 1572 1161 1611 τ.
1185 1548 1212 1613 λ.
1253 1546 1349 1622 Quae

280 1675 355 1719 cum
377 1649 423 1719 ita
447 1658 520 1735 sint,
544 1676 610 1720 non
634 1659 753 1721 mirum
776 1663 832 1738 est,
860 1660 955 1721 etiam
979 1678 998 1720 a
1020 1655 1183 1720 veteribus
1212 1656 1349 1737 scripto-

247 1756 249 1760 ’
279 1761 371 1827 ribus
401 1762 671 1847 locupletissimos
704 1784 742 1827 ac
774 1764 990 1827 nobilissimos
1023 1782 1078 1825 eos
1110 1761 1236 1824 habitos
1264 1780 1350 1840 esse,

281 1870 339 1951 qui
362 1878 469 1952 equos
486 1869 723 1956 possidemur)
771 1871 881 1954 Atque
904 1870 1028 1933 nobiles
1052 1872 1143 1932 erant
1166 1873 1207 1941 et,
1239 1872 1277 1930 ut
1299 1870 1348 1929 ita

278 1976 395 2056 dicam,
420 1966 588 2063 ὀλιγαρχίᾳ
611 1978 766 2041 inclinare
783 1977 935 2058 solebant,
959 1978 1017 2059 qui
1033 1976 1158 2058 equites
1183 1972 1347 2056 stipendia

278 2082 433 2162 fecerunt,
457 2083 568 2165 quales
586 2068 814 2147 describuntur
828 2085 864 2147 in
875 2084 1101 2165 Aristophanis
1118 2100 1201 2165 quae
1214 2074 1349 2156 Ἱππεῖς

278 2188 467 2252 inscribitur
489 2188 612 2267 tabrrla3
647 2195 677 2252 et
700 2195 809 2273 postea
831 2190 1010 2253 fidelissimi
1044 2190 1175 2272 triginta
1198 2192 1346 2253 virorum

280 2298 420 2359 ministri
442 2297 583 2377 fuerunt,
617 2297 702 2379 quod
726 2316 743 2359 e
767 2296 882 2378 Lysiae
914 2297 1057 2359 oratione
1088 2318 1145 2379 pro
1169 2296 1346 2360 Mantithco

280 2402 389 2465 habita
412 2404 579 2466 evincitur.

797 2562 838 2625 Π.

452 2706 496 2775 lle
519 2705 666 2791 pecuniis
690 2705 817 2792 publice
839 2706 1004 2791 equitibus
1027 2705 1176 2776 tributis.

287 2885 289 2899 ι
370 2846 506 2930 Equites
529 2848 658 2930 publice
682 2848 884 2931 aliquantum
909 2848 1037 2911 adiutos
1058 2868 1136 2926 esse,
1161 2853 1347 2929 certamque

280 2954 320 3017 iis
343 2957 524 3036 pecuniam,
559 2976 625 3038 qua
662 2974 695 3019 se
719 2958 917 3019 instruerent
950 2974 1136 3038 equumque
1171 2954 1304 3034 alerentg
1328 2974 1349 3016 a

281 3061 409 3123 civitate
444 3062 558 3143 datam,
592 3066 657 3126 iam
697 3082 793 3145 supra
828 3056 1080 3142 comemoravi,3)
1114 3081 1210 3143 quam
1247 3079 1350 3143 pecu-

280 3167 370 3229 niam
394 3170 485 3232 oicov
509 3168 699 3251 appellatam
723 3187 803 3248 csse,
830 3167 917 3230 tituli
945 3163 1095 3246 docent4)
1143 3165 1248 3241 Quam
1276 3187 1348 3230 rem

278 3274 327 3336 ita
351 3293 384 3337 se
407 3274 524 3338 habere
548 3294 589 3338 ex
612 3276 699 3338 hisce
728 3280 758 3337 et
791 3274 984 3355 scriptorum
1008 3282 1039 3335 et
1069 3273 1238 3335 titulorum
1269 3273 1351 3336 locis

282 3381 448 3463 cognitum
472 3380 643 3444 habemus:

282 3606 331 3661 τὸν
348 3617 506 3664 κοπποτίαν.
526 3638 558 3649 -
578 3612 649 3665 1224
666 3610 722 3663 τῶν
745 3607 845 3662 δώδεκα
859 3608 941 3677 μνῶν,
961 3604 990 3664 ἃς
1008 3607 1100 3675 eiusce
1123 3599 1273 3676 u'voriluevos
1298 3608 1352 3660 Τὸν

283 3696 374 3769 ψαρὸν
391 3700 482 3753 ἵππον.

291 3845 292 3848 Ἴ
391 3786 419 3855 1)
438 3788 585 3855 Hipparch.
604 3788 626 3855 Ι,
647 3788 688 3841 12,

390 3876 417 3945 2)
437 3876 564 3945 Aeschyl.
577 3875 666 3933 Prom.
678 3877 744 3931 466:
764 3876 860 3929 ἵππους
871 3872 972 3945 ἄγαλμα
985 3875 1031 3940 τῆς
1049 3870 1234 3944 ὑπερπλούτου
1250 3873 1350 3941 χλιδῆς.

282 3996 319 4005 -
338 3963 475 4021 Demoslh.
495 3966 536 4018 de.
556 3982 609 4021 001'.
627 3967 680 4020 320
700 3968 736 4035 (p.
751 3966 814 4031 331)
834 4010 840 4021 .
861 4011 866 4023 ,
886 4005 892 4017 .
911 3971 953 4015 καὶ
977 3970 1057 4032 μέγας
1073 3970 1115 4015 καὶ
1133 3962 1352 4033 λε’,απρὸςὶππο-

284 4050 390 4124 τρόᾳος,
410 4052 462 4125 ἐγώ
480 4053 496 4106 δ
506 4046 630 4123 ἀσθενής.

391 4143 419 4210 3)
439 4160 498 4211 pag.
518 4146 547 4199 6:
567 4144 629 4197 ride
647 4145 779 4198 Thuurser
796 4143 814 4198 l.
834 4142 852 4200 1,
871 4160 896 4209 p.
916 4142 958 4196 82.

345 4226 347 4232 ⁸
391 4231 418 4301 4)
439 4231 466 4287 C.
485 4232 510 4289 J.
529 4229 561 4289 A.
580 4234 601 4302 Ι,
618 4234 685 4301 ,188;
705 4232 826 4302 'IL-612.
