2967 4917
662 416 703 479 19

148 606 226 689 quid
250 610 341 681 esset,
367 623 433 667 non
457 599 516 681 τὰς
534 600 756 682 καταστάσεις
772 604 829 668 sed
845 600 906 681 τὰς
919 601 1092 689 λεγομένας
1110 630 1213 670 κατα-

147 708 281 789 στάσεις
311 711 426 792 Lysias
459 711 563 775 dicere
596 710 747 775 debuisse
778 710 918 794 Sauppio
949 712 1091 791 videtur,
1125 712 1212 795 quod

145 826 255 881 tamen
278 820 505 901 argumentum
527 817 650 880 nullius
682 817 749 881 fere
777 818 931 880 momenti
961 836 1031 882 esse
1055 820 1212 883 existimo.

147 924 228 989 Cum
252 944 328 989 vero
351 926 386 987 in
404 922 583 1006 Eupolidis,
605 943 687 1005 quae
714 919 813 987 Φίλα
837 924 1017 1007 appellatur
1040 926 1213 1007 comoedia,

146 1032 242 1094 cuius
265 1048 380 1094 versus
403 1030 467 1093 huo
497 1034 677 1112 spectantes
704 1029 825 1112 profert
847 1028 1066 1111 Harpocran,
1091 1034 1213 1097 mentio

144 1136 201 1199 fiat
229 1131 471 1217 καταστάσεως,
503 1142 534 1201 et
561 1136 724 1219 Sauppius
752 1140 784 1199 et
816 1139 910 1199 antea
939 1136 1005 1198 iam
1028 1136 1212 1202 Boeolrhius

145 1247 327 1305 constanter
350 1242 454 1305 damin
488 1260 558 1306 esse
590 1243 756 1326 equitibus
787 1243 872 1304 hano
893 1244 1068 1325 pecuniam
1091 1246 1213 1328 opinati

144 1354 231 1429 sunt,
255 1368 451 1431 quamquam
476 1368 535 1411 nec
559 1350 715 1431 quamdiu
739 1349 858 1410 vixerit
880 1346 1024 1431 Eupolis
1057 1368 1119 1413 neo
1146 1368 1212 1432 quo

144 1464 286 1538 tempore
314 1460 385 1518 acta
408 1456 450 1518 sit
478 1456 548 1519 eius
572 1457 689 1538 Amici,
721 1460 807 1518 certe
836 1452 970 1517 definire
989 1453 1103 1540 licet.¹)
1149 1455 1213 1520 Sed

142 1563 212 1624 vivi
244 1560 411 1645 Eupolidis
446 1567 517 1644 post
551 1581 673 1625 annum
709 1562 773 1624 412
807 1561 942 1643 vestigia
978 1581 1044 1625 non
1084 1566 1212 1625 exstare

142 1665 334 1751 videntur.2)
880 1744 885 1752 ν

206 1794 210 1801 ·
233 1776 387 1837 Attamen
402 1768 636 1851 καταστάσεως
651 1779 836 1837 constanter
850 1774 990 1866 tributae
1006 1775 1102 1836 etiam
1115 1774 1213 1855 aliud,

141 1886 180 1945 ut
215 1882 295 1944 mihi
320 1881 456 1962 videtur,
481 1880 617 1945 firmum
653 1881 874 1944 testimonium
908 1886 1037 1944 exstare
1067 1878 1211 1942 arbitror.

144 1987 221 2050 Huc
237 1989 333 2063 enim,
360 1990 476 2051 utiam
493 2008 591 2070 supra
611 1983 714 2069 dixi,3)
730 1986 958 2070 Xenophontis
982 1985 1081 2048 verba
1095 1984 1211 2069 (Hipp-

144 2095 231 2157 arch.
255 2092 280 2175 Ι,
296 2093 353 2178 23)
389 2093 507 2159 referre
539 2112 633 2177 posse
666 2094 746 2156 mihi
774 2093 897 2157 videor:
935 2088 1066 2156 δυνατοὶ
1091 2091 1120 2155 δ’
1144 2087 1211 2155 εἰσὶ

141 2196 228 2265 κατὰ
252 2195 293 2265 rol
317 2197 350 2264 ἐν
372 2201 420 2286 τῷ
443 2196 531 2285 νόμῳ
556 2192 693 2265 ὁπλίσαι
710 2197 767 2264 καὶ
787 2189 861 2262 daeo
879 2199 935 2262 τοῦ
950 2188 1043 2261 αὐτοὶ
1060 2197 1213 2262 δαπανᾶν

146 2309 198 2392 τῷ
220 2308 356 2392 μισθῷ
379 2302 658 2391 ἐπαναγιάζσντες
686 2300 771 2369 κατὰ
800 2300 856 2369 τὸν
879 2300 976 2385 νόμον
998 2296 1210 2384 ὁπλίζεσθαι.

148 2412 228 2477 Cum
260 2432 336 2477 vero
370 2413 554 2476 drachmam
586 2411 729 2495 quotidie
762 2412 900 2494 singuiis
931 2409 1094 2493 equitibus
1121 2429 1211 2493 prae-

147 2520 244 2583 bitam
271 2538 341 2583 esse
365 2520 552 2600 viderimus
575 2519 636 2582 hoo
654 2518 813 2601 stipendio
838 2516 981 2599 quotidie
997 2516 1070 2579 dato
1087 2518 1212 2599 equites

146 2645 182 2691 se
213 2628 299 2709 ipsos
331 2631 427 2709 atque
458 2645 559 2709 equos
590 2644 765 2689 exornasse
797 2624 849 2687 vel
875 2642 1032 2687 exornare
1059 2624 1212 2707 potuisse,

146 2734 278 2816 cogitari
301 2752 367 2795 non
390 2736 504 2815 potest,
534 2737 566 2795 et
594 2752 670 2795 cum
693 2722 768 2794 δίναν
791 2732 847 2795 τοῦ
870 2722 962 2794 αὐτοὶ
987 2729 1140 2793 δαπανᾶν
1162 2732 1212 2793 in·

147 2840 228 2903 strui
251 2858 306 2902 eos
328 2840 480 2921 potuisse,
502 2837 685 2921 Xenophon
703 2838 797 2917 dicat,
820 2836 918 2899 verba
941 2837 989 2920 τῷ
1010 2837 1129 2920 μισθῷ
1152 2835 1213 2897 hoo

146 2946 215 3009 loco
245 2965 311 3008 non
340 2945 434 3007 niodo
466 2944 661 3027 stipendium
695 2942 837 3025 quotidie
869 2942 978 3004 datum
1003 2941 1059 3004 sed
1083 2960 1212 3004 omnem

147 3053 316 3135 pecuniam
342 3050 505 3133 equitibus
537 3049 742 3134 erepublica
770 3048 924 3111 tributam
953 3046 1134 3129 significare
1157 3067 1213 3112 ne·

254 3262 281 3331 1)
300 3262 374 3327 Quae
393 3262 617 3316 Wilamowitzius
637 3259 711 3329 (Obs.
731 3259 790 3316 crit.
807 3259 835 3311 in
855 3275 923 3313 com.
936 3273 1023 3326 graec.
1035 3274 1061 3325 p.
1074 3257 1108 3309 47
1128 3259 1213 3326 seqq.)

147 3351 266 3421 protulit,
286 3353 317 3404 ut
334 3354 421 3404 actam
440 3367 498 3405 esse
516 3350 658 3419 Eupolidis
677 3347 786 3401 Amicos
797 3347 938 3415 Dionysiis
957 3346 1019 3400 anni
1031 3346 1084 3401 425
1104 3346 1212 3399 demon-

147 3442 251 3506 straret,
279 3456 441 3510 quamquam
469 3440 587 3507 speciem
606 3439 725 3507 aliquam
748 3436 806 3489 veri
823 3436 931 3503 hahent
959 3438 1049 3489 tamen
1077 3450 1130 3487 non
1158 3439 1212 3487 tam

146 3532 219 3581 certa
237 3531 308 3595 sunt
335 3530 366 3580 ut
383 3527 491 3580 firmum
510 3530 698 3596 argumentum
718 3525 869 3593 praebeant,
902 3540 954 3591 quo
981 3524 1058 3577 nisus
1077 3524 1131 3577 ianr
1150 3528 1213 3577 ante

146 3616 332 3685 trigintaviros
350 3616 439 3669 datam
458 3630 516 3669 esse
530 3616 682 3683 catastmim
696 3612 855 3667 contendere
868 3611 978 3679 possim.
1007 3611 1081 3677 Quae
1093 3611 1213 3667 Kookius

149 3705 264 3758 coniecit
283 3704 367 3773 (Corn.
387 3706 433 3763 att,
447 3704 542 3773 fragm.
560 3704 573 3757 l
592 3722 618 3772 p,
632 3704 703 3769 3315,
722 3702 752 3754 in
769 3701 821 3754 hoo
839 3699 980 3767 Eupolidis
998 3700 1146 3768 fragmento
1165 3717 1213 3769 pro

145 3789 225 3859 τήνδε
246 3793 417 3847 scribendum
430 3809 488 3847 esse
506 3791 594 3860 τῆσδε,
614 3793 754 3860 propterea
771 3788 912 3841 refutanda
924 3786 993 3839 mihi
1006 3788 1134 3842 videntur
1145 3805 1212 3858 esse,

146 3881 225 3950 quod,
253 3881 359 3935 etiamsi
387 3882 551 3935 retineamus
578 3880 705 3934 traditam
733 3877 883 3943 lectionem,
910 3878 1001 3930 tamen
1030 3877 1063 3929 de
1089 3875 1137 3929 illa
1155 3879 1212 3931 arte

146 3969 264 4036 equestri
290 3970 400 4038 cogitari
424 3972 518 4039 potest,
547 3985 646 4039 „quam
665 3967 845 4021 Athenienses
870 3965 952 4018 verbo
969 3963 1109 4030 κελητίζειν
1127 3965 1213 4032 sigui-

144 4056 285 4116 ficabunt.“

252 4146 279 4215 2)
297 4146 419 4201 Mainake
437 4147 514 4215 Erag.
534 4164 601 4201 com.
622 4162 707 4214 grace.
726 4144 739 4196 l
758 4161 784 4211 p.
804 4142 864 4197 106.

251 4237 278 4304 3)
297 4236 361 4303 Pag.
381 4237 422 4292 14.
