<?xml version="1.0" encoding="UTF-8"?>
<!DOCTYPE html PUBLIC "-//W3C//DTD XHTML 1.0 Transitional//EN"
    "http://www.w3.org/TR/xhtml1/DTD/xhtml1-transitional.dtd">
<html xmlns="http://www.w3.org/1999/xhtml" xml:lang="en" lang="en">
 <head>
  <title>
</title>
<meta http-equiv="Content-Type" content="text/html;charset=utf-8" />
  <meta name='ocr-system' content='tesseract 3.04.00' />
  <meta name='ocr-capabilities' content='ocr_page ocr_carea ocr_par ocr_line ocrx_word'/>
</head>
<body>
  <div class='ocr_page' id='page_1' title='image "./deequitibusatti00dirigoog_0046.png"; bbox 0 0 2967 4917; ppageno 0'>
   <div class='ocr_carea' id='block_1_1' title="bbox 802 369 879 463">
    <p class='ocr_par' dir='ltr' id='par_1_1' title="bbox 802 369 879 463">
     <span class='ocr_line' id='line_1_1' title="bbox 802 369 879 463; baseline -0.013 0"><span class='ocrx_word' id='word_1_1' title='bbox 802 369 879 463; x_wconf 40' lang='lat'>36¹</span> 
     </span>
    </p>
   </div>
   <div class='ocr_carea' id='block_1_2' title="bbox 235 580 1361 2691">
    <p class='ocr_par' dir='ltr' id='par_1_2' title="bbox 255 580 1354 887">
     <span class='ocr_line' id='line_1_2' title="bbox 255 580 1354 677; baseline 0.003 -25"><span class='ocrx_word' id='word_1_2' title='bbox 255 624 259 669; x_wconf 60' lang='grc' dir='ltr'><em>ρ</em></span> <span class='ocrx_word' id='word_1_3' title='bbox 294 586 506 677; x_wconf 73' lang='grc' dir='ltr'><em>θεσμοθέτην</em></span> <span class='ocrx_word' id='word_1_4' title='bbox 547 580 643 654; x_wconf 82' lang='grc' dir='ltr'><em>αδτδν</em></span> <span class='ocrx_word' id='word_1_5' title='bbox 677 586 864 677; x_wconf 85' lang='grc' dir='ltr'><em>κατέστησε.</em></span> <span class='ocrx_word' id='word_1_6' title='bbox 931 594 1002 667; x_wconf 84' lang='grc' dir='ltr'><em>τοῖς</em></span> <span class='ocrx_word' id='word_1_7' title='bbox 1035 589 1071 655; x_wconf 79' lang='grc' dir='ltr'>δὲ</span> <span class='ocrx_word' id='word_1_8' title='bbox 1105 586 1354 677; x_wconf 74' lang='grc' dir='ltr'><em>Παναθηναίοις</em></span> 
     </span>
     <span class='ocr_line' id='line_1_3' title="bbox 295 687 1354 784; baseline 0 -24"><span class='ocrx_word' id='word_1_9' title='bbox 295 696 467 783; x_wconf 78' lang='grc' dir='ltr'><em>ἵππαρχος</em></span> <span class='ocrx_word' id='word_1_10' title='bbox 491 688 536 759; x_wconf 84' lang='grc' dir='ltr'>ίδν</span> <span class='ocrx_word' id='word_1_11' title='bbox 552 691 657 781; x_wconf 78' lang='grc' dir='ltr'><em>ἰκρίον</em></span> <span class='ocrx_word' id='word_1_12' title='bbox 677 691 792 783; x_wconf 69' lang='grc' dir='ltr'><em>ἔστησε</em></span> <span class='ocrx_word' id='word_1_13' title='bbox 813 690 897 782; x_wconf 86' lang='grc' dir='ltr'><em>πρὸς</em></span> <span class='ocrx_word' id='word_1_14' title='bbox 912 698 982 772; x_wconf 83' lang='grc' dir='ltr'><em>τοῖς</em></span> <span class='ocrx_word' id='word_1_15' title='bbox 994 687 1127 782; x_wconf 79' lang='grc' dir='ltr'><em>Ἑρμαῖς</em></span> <span class='ocrx_word' id='word_1_16' title='bbox 1142 688 1354 784; x_wconf 78' lang='grc' dir='ltr'><em>Ἀρισταγόρᾳ</em></span> 
     </span>
     <span class='ocr_line' id='line_1_4' title="bbox 294 794 767 887; baseline 0.002 -23"><span class='ocrx_word' id='word_1_17' title='bbox 294 796 530 887; x_wconf 84' lang='grc' dir='ltr'><em>μετεωρότερον</em></span> <span class='ocrx_word' id='word_1_18' title='bbox 552 803 619 865; x_wconf 83' lang='grc' dir='ltr'>τῶν</span> <span class='ocrx_word' id='word_1_19' title='bbox 633 794 767 887; x_wconf 79' lang='grc' dir='ltr'><em>Ἑρμῶν.</em></span> 
     </span>
    </p>

    <p class='ocr_par' dir='ltr' id='par_1_3' title="bbox 235 896 1356 1206">
     <span class='ocr_line' id='line_1_5' title="bbox 402 896 1356 995; baseline 0.005 -26"><span class='ocrx_word' id='word_1_20' title='bbox 402 906 486 970; x_wconf 86' lang='lat' dir='ltr'>Plut.</span> <span class='ocrx_word' id='word_1_21' title='bbox 520 908 586 972; x_wconf 81' lang='lat' dir='ltr'>vit.</span> <span class='ocrx_word' id='word_1_22' title='bbox 619 907 714 971; x_wconf 90' lang='lat' dir='ltr'>Phoc.</span> <span class='ocrx_word' id='word_1_23' title='bbox 739 906 790 971; x_wconf 79' lang='lat'>37.</span> <span class='ocrx_word' id='word_1_24' title='bbox 844 896 906 971; x_wconf 71' lang='grc' dir='ltr'>Ἠν</span> <span class='ocrx_word' id='word_1_25' title='bbox 937 907 967 971; x_wconf 86' lang='grc' dir='ltr'>δ’</span> <span class='ocrx_word' id='word_1_26' title='bbox 994 901 1097 995; x_wconf 80' lang='grc' dir='ltr'><em>ἡμέρα</em></span> <span class='ocrx_word' id='word_1_27' title='bbox 1129 902 1230 995; x_wconf 84' lang='grc' dir='ltr'><em>μηνὸς</em></span> <span class='ocrx_word' id='word_1_28' title='bbox 1265 912 1356 973; x_wconf 84' lang='lat' dir='ltr'>Moc—</span> 
     </span>
     <span class='ocr_line' id='line_1_6' title="bbox 296 999 1355 1102; baseline 0.004 -27"><span class='ocrx_word' id='word_1_29' title='bbox 296 1014 447 1093; x_wconf 82' lang='grc' dir='ltr'><em>νιχιιῦνος</em></span> <span class='ocrx_word' id='word_1_30' title='bbox 478 1009 575 1102; x_wconf 78' lang='grc' dir='ltr'><em>ἐνάτη</em></span> <span class='ocrx_word' id='word_1_31' title='bbox 598 1009 656 1079; x_wconf 74' lang='grc' dir='ltr'>ἐπὶ</span> <span class='ocrx_word' id='word_1_32' title='bbox 682 1011 769 1093; x_wconf 78' lang='grc' dir='ltr'><em>δέκα,</em></span> <span class='ocrx_word' id='word_1_33' title='bbox 792 1010 849 1077; x_wconf 84' lang='grc' dir='ltr'>καὶ</span> <span class='ocrx_word' id='word_1_34' title='bbox 874 1015 921 1099; x_wconf 76' lang='grc' dir='ltr'>τῷ</span> <span class='ocrx_word' id='word_1_35' title='bbox 944 1013 1008 1078; x_wconf 76' lang='grc' dir='ltr'>Διῒ</span> <span class='ocrx_word' id='word_1_36' title='bbox 1030 1009 1088 1102; x_wconf 81' lang='grc' dir='ltr'>την</span> <span class='ocrx_word' id='word_1_37' title='bbox 1111 999 1252 1102; x_wconf 78' lang='grc' dir='ltr'><em>πομπὴν</em></span> <span class='ocrx_word' id='word_1_38' title='bbox 1274 1011 1355 1097; x_wconf 79' lang='grc' dir='ltr'><em>πέμ-</em></span> 
     </span>
     <span class='ocr_line' id='line_1_7' title="bbox 235 1114 1000 1206; baseline 0.003 -24"><span class='ocrx_word' id='word_1_39' title='bbox 235 1128 236 1131; x_wconf 75' lang='grc'>’</span> <span class='ocrx_word' id='word_1_40' title='bbox 296 1141 413 1199; x_wconf 84' lang='grc' dir='ltr'><em>ποντες</em></span> <span class='ocrx_word' id='word_1_41' title='bbox 436 1114 467 1183; x_wconf 78' lang='lat' dir='ltr'>oi</span> <span class='ocrx_word' id='word_1_42' title='bbox 493 1115 612 1197; x_wconf 84' lang='grc' dir='ltr'><em>ίππεῖς</em></span> <span class='ocrx_word' id='word_1_43' title='bbox 635 1115 846 1206; x_wconf 78' lang='grc' dir='ltr'><em>παρεξίεσαν.</em></span> <span class='ocrx_word' id='word_1_44' title='bbox 870 1142 898 1182; x_wconf 88' lang='grc' dir='ltr'>κ.</span> <span class='ocrx_word' id='word_1_45' title='bbox 922 1144 949 1183; x_wconf 95' lang='grc' dir='ltr'>τ.</span> <span class='ocrx_word' id='word_1_46' title='bbox 972 1120 1000 1184; x_wconf 91' lang='grc' dir='ltr'>λ.</span> 
     </span>
    </p>

    <p class='ocr_par' dir='ltr' id='par_1_4' title="bbox 296 1221 1357 1526">
     <span class='ocr_line' id='line_1_8' title="bbox 401 1221 1356 1306; baseline 0.005 -18"><span class='ocrx_word' id='word_1_47' title='bbox 401 1224 543 1306; x_wconf 86' lang='lat' dir='ltr'>Hesych.</span> <span class='ocrx_word' id='word_1_48' title='bbox 577 1247 600 1291; x_wconf 87' lang='lat' dir='ltr'>s.</span> <span class='ocrx_word' id='word_1_49' title='bbox 625 1248 655 1290; x_wconf 88' lang='lat' dir='ltr'>v.</span> <span class='ocrx_word' id='word_1_50' title='bbox 704 1221 824 1302; x_wconf 78' lang='grc' dir='ltr'><em>ίππάς·</em></span> <span class='ocrx_word' id='word_1_51' title='bbox 849 1275 856 1288; x_wconf 92' lang='grc'><strong>.</strong></span> <span class='ocrx_word' id='word_1_52' title='bbox 881 1275 888 1289; x_wconf 95' lang='grc'><strong>.</strong></span> <span class='ocrx_word' id='word_1_53' title='bbox 913 1275 919 1287; x_wconf 93' lang='grc'>.</span> <span class='ocrx_word' id='word_1_54' title='bbox 944 1223 999 1290; x_wconf 84' lang='grc' dir='ltr'>καί</span> <span class='ocrx_word' id='word_1_55' title='bbox 1033 1223 1068 1289; x_wconf 80' lang='lat' dir='ltr'>eri</span> <span class='ocrx_word' id='word_1_56' title='bbox 1099 1223 1219 1291; x_wconf 79' lang='grc' dir='ltr'><em>θτσίαι</em></span> <span class='ocrx_word' id='word_1_57' title='bbox 1254 1226 1289 1293; x_wconf 78' lang='grc' dir='ltr'>δὲ</span> <span class='ocrx_word' id='word_1_58' title='bbox 1321 1225 1356 1293; x_wconf 77' lang='grc' dir='ltr'>αἱ</span> 
     </span>
     <span class='ocr_line' id='line_1_9' title="bbox 296 1327 1357 1418; baseline 0.006 -25"><span class='ocrx_word' id='word_1_59' title='bbox 296 1327 373 1416; x_wconf 80' lang='grc' dir='ltr'><em>περὶ</em></span> <span class='ocrx_word' id='word_1_60' title='bbox 397 1332 464 1395; x_wconf 81' lang='grc' dir='ltr'>τῶν</span> <span class='ocrx_word' id='word_1_61' title='bbox 488 1327 622 1396; x_wconf 72' lang='grc' dir='ltr'><em>ἱππίων</em></span> <span class='ocrx_word' id='word_1_62' title='bbox 645 1328 893 1415; x_wconf 69' lang='grc' dir='ltr'><em>ἐπιτελούμεναι</em></span> <span class='ocrx_word' id='word_1_63' title='bbox 929 1327 1077 1410; x_wconf 77' lang='grc' dir='ltr'><em>ίπποίδες</em></span> <span class='ocrx_word' id='word_1_64' title='bbox 1103 1331 1256 1418; x_wconf 76' lang='grc' dir='ltr'><em>ἐλέγοντο.</em></span> <span class='ocrx_word' id='word_1_65' title='bbox 1302 1332 1357 1399; x_wconf 83' lang='grc' dir='ltr'>καὶ</span> 
     </span>
     <span class='ocr_line' id='line_1_10' title="bbox 296 1429 1126 1526; baseline 0.001 -26"><span class='ocrx_word' id='word_1_66' title='bbox 296 1429 315 1526; x_wconf 76' lang='grc' dir='ltr'>ἡ</span> <span class='ocrx_word' id='word_1_67' title='bbox 339 1432 386 1513; x_wconf 83' lang='grc' dir='ltr'>εἰς</span> <span class='ocrx_word' id='word_1_68' title='bbox 409 1432 467 1523; x_wconf 78' lang='grc' dir='ltr'>τὴν</span> <span class='ocrx_word' id='word_1_69' title='bbox 511 1435 634 1502; x_wconf 72' lang='grc' dir='ltr'><em>θυσίαν</em></span> <span class='ocrx_word' id='word_1_70' title='bbox 656 1435 883 1525; x_wconf 75' lang='grc' dir='ltr'><em>λαμβανομένη</em></span> <span class='ocrx_word' id='word_1_71' title='bbox 905 1440 982 1521; x_wconf 74' lang='grc' dir='ltr'><em>βοῦς</em></span> <span class='ocrx_word' id='word_1_72' title='bbox 1006 1434 1126 1517; x_wconf 83' lang='grc' dir='ltr'><em>ίππάς.</em></span> 
     </span>
    </p>

    <p class='ocr_par' dir='ltr' id='par_1_5' title="bbox 402 1538 1358 1626">
     <span class='ocr_line' id='line_1_11' title="bbox 402 1538 1358 1626; baseline 0.004 -19"><span class='ocrx_word' id='word_1_73' title='bbox 402 1542 516 1609; x_wconf 85' lang='lat' dir='ltr'>Suidas</span> <span class='ocrx_word' id='word_1_74' title='bbox 540 1565 564 1609; x_wconf 81' lang='grc' dir='ltr'>ε.</span> <span class='ocrx_word' id='word_1_75' title='bbox 588 1566 617 1607; x_wconf 79' lang='lat' dir='ltr'>r.</span> <span class='ocrx_word' id='word_1_76' title='bbox 650 1538 788 1622; x_wconf 84' lang='grc' dir='ltr'><em>Ἱππεῖς·</em></span> <span class='ocrx_word' id='word_1_77' title='bbox 813 1596 820 1609; x_wconf 95' lang='grc'><strong>.</strong></span> <span class='ocrx_word' id='word_1_78' title='bbox 845 1594 852 1608; x_wconf 92' lang='grc'>.</span> <span class='ocrx_word' id='word_1_79' title='bbox 878 1595 884 1607; x_wconf 95' lang='grc'><strong>.</strong></span> <span class='ocrx_word' id='word_1_80' title='bbox 909 1594 917 1609; x_wconf 85' lang='grc'><strong>.</strong></span> <span class='ocrx_word' id='word_1_81' title='bbox 942 1595 949 1607; x_wconf 96' lang='grc'><strong>.</strong></span> <span class='ocrx_word' id='word_1_82' title='bbox 973 1538 1053 1609; x_wconf 81' lang='grc' dir='ltr'><em>ὅθεν</em></span> <span class='ocrx_word' id='word_1_83' title='bbox 1075 1542 1131 1609; x_wconf 87' lang='grc' dir='ltr'>καὶ</span> <span class='ocrx_word' id='word_1_84' title='bbox 1155 1541 1215 1623; x_wconf 83' lang='grc' dir='ltr'>τὰς</span> <span class='ocrx_word' id='word_1_85' title='bbox 1238 1543 1358 1626; x_wconf 81' lang='grc' dir='ltr'><em>θοσίας</em></span> 
     </span>
    </p>

    <p class='ocr_par' dir='ltr' id='par_1_6' title="bbox 235 1642 1359 2265">
     <span class='ocr_line' id='line_1_12' title="bbox 297 1642 1259 1733; baseline 0.003 -19"><span class='ocrx_word' id='word_1_86' title='bbox 297 1642 335 1727; x_wconf 85' lang='grc' dir='ltr'>δίς</span> <span class='ocrx_word' id='word_1_87' title='bbox 358 1642 450 1723; x_wconf 78' lang='grc' dir='ltr'><em>οὗτοί</em></span> <span class='ocrx_word' id='word_1_88' title='bbox 475 1647 641 1732; x_wconf 82' lang='grc' dir='ltr'><em>πέμποιεν</em></span> <span class='ocrx_word' id='word_1_89' title='bbox 663 1654 737 1728; x_wconf 89' lang='grc' dir='ltr'><em>ταῖς</em></span> <span class='ocrx_word' id='word_1_90' title='bbox 760 1654 917 1733; x_wconf 89' lang='grc' dir='ltr'><em>πομπαῖς</em></span> <span class='ocrx_word' id='word_1_91' title='bbox 938 1645 1071 1714; x_wconf 76' lang='grc' dir='ltr'><em>ἐκάλουν</em></span> <span class='ocrx_word' id='word_1_92' title='bbox 1096 1647 1259 1730; x_wconf 73' lang='grc' dir='ltr'><em>ἱππάδος.</em></span> 
     </span>
     <span class='ocr_line' id='line_1_13' title="bbox 235 1755 1359 1841; baseline 0.004 -21"><span class='ocrx_word' id='word_1_93' title='bbox 235 1790 238 1795; x_wconf 94' lang='grc'>-</span> <span class='ocrx_word' id='word_1_94' title='bbox 304 1810 306 1815; x_wconf 95' lang='grc'>.</span> <span class='ocrx_word' id='word_1_95' title='bbox 402 1756 545 1821; x_wconf 86' lang='lat' dir='ltr'><strong>Platonis</strong></span> <span class='ocrx_word' id='word_1_96' title='bbox 577 1755 723 1839; x_wconf 85' lang='lat' dir='ltr'>locum‚l)</span> <span class='ocrx_word' id='word_1_97' title='bbox 763 1776 858 1840; x_wconf 91' lang='lat' dir='ltr'>quem</span> <span class='ocrx_word' id='word_1_98' title='bbox 886 1756 1095 1821; x_wconf 84' lang='lat' dir='ltr'>Hermeuuns</span> <span class='ocrx_word' id='word_1_99' title='bbox 1128 1756 1259 1841; x_wconf 76' lang='lat' dir='ltr'>attulit2)</span> <span class='ocrx_word' id='word_1_100' title='bbox 1292 1780 1359 1824; x_wconf 92' lang='lat' dir='ltr'>non</span> 
     </span>
     <span class='ocr_line' id='line_1_14' title="bbox 295 1863 1358 1948; baseline 0.004 -21"><span class='ocrx_word' id='word_1_101' title='bbox 295 1883 430 1947; x_wconf 83' lang='lat' dir='ltr'>pompae</span> <span class='ocrx_word' id='word_1_102' title='bbox 455 1864 639 1947; x_wconf 83' lang='lat' dir='ltr'>exemplum</span> <span class='ocrx_word' id='word_1_103' title='bbox 664 1882 734 1928; x_wconf 89' lang='lat' dir='ltr'>esse</span> <span class='ocrx_word' id='word_1_104' title='bbox 758 1864 886 1927; x_wconf 84' lang='lat' dir='ltr'>videtur</span> <span class='ocrx_word' id='word_1_105' title='bbox 913 1863 970 1926; x_wconf 93' lang='lat' dir='ltr'>sed</span> <span class='ocrx_word' id='word_1_106' title='bbox 993 1864 1177 1928; x_wconf 80' lang='lat' dir='ltr'>certaminis</span> <span class='ocrx_word' id='word_1_107' title='bbox 1200 1870 1358 1948; x_wconf 90' lang='lat' dir='ltr'>equestris</span> 
     </span>
     <span class='ocr_line' id='line_1_15' title="bbox 296 1961 1359 2055; baseline 0.006 -24"><span class='ocrx_word' id='word_1_108' title='bbox 296 1963 453 2039; x_wconf 68' lang='grc' dir='ltr'><em>(ἱππικοί</em></span> <span class='ocrx_word' id='word_1_109' title='bbox 476 1961 621 2055; x_wconf 74' lang='grc' dir='ltr'><em>ἀγῶνος),</em></span> <span class='ocrx_word' id='word_1_110' title='bbox 647 1971 734 2053; x_wconf 86' lang='lat' dir='ltr'>qued</span> <span class='ocrx_word' id='word_1_111' title='bbox 758 1969 856 2033; x_wconf 84' lang='lat' dir='ltr'>verba</span> <span class='ocrx_word' id='word_1_112' title='bbox 878 1962 1099 2051; x_wconf 80' lang='grc' dir='ltr'><em>ἁμιλλώμενοι</em></span> <span class='ocrx_word' id='word_1_113' title='bbox 1133 1974 1203 2048; x_wconf 85' lang='grc' dir='ltr'><em>τοῖς</em></span> <span class='ocrx_word' id='word_1_114' title='bbox 1233 1972 1359 2051; x_wconf 75' lang='grc' dir='ltr'><em>ἵπποις</em></span> 
     </span>
     <span class='ocr_line' id='line_1_16' title="bbox 298 2075 1358 2161; baseline 0.004 -22"><span class='ocrx_word' id='word_1_115' title='bbox 298 2076 481 2151; x_wconf 91' lang='lat' dir='ltr'>ostendunt,</span> <span class='ocrx_word' id='word_1_116' title='bbox 516 2096 579 2160; x_wconf 90' lang='lat' dir='ltr'>quo</span> <span class='ocrx_word' id='word_1_117' title='bbox 604 2077 643 2141; x_wconf 94' lang='lat' dir='ltr'>de</span> <span class='ocrx_word' id='word_1_118' title='bbox 667 2076 850 2156; x_wconf 81' lang='lat' dir='ltr'>certamine,</span> <span class='ocrx_word' id='word_1_119' title='bbox 884 2094 959 2137; x_wconf 90' lang='lat' dir='ltr'>cum</span> <span class='ocrx_word' id='word_1_120' title='bbox 982 2075 1023 2137; x_wconf 86' lang='lat' dir='ltr'>ad</span> <span class='ocrx_word' id='word_1_121' title='bbox 1046 2076 1225 2158; x_wconf 84' lang='lat' dir='ltr'>equitatum</span> <span class='ocrx_word' id='word_1_122' title='bbox 1249 2080 1358 2161; x_wconf 90' lang='lat' dir='ltr'>ipsum</span> 
     </span>
     <span class='ocr_line' id='line_1_17' title="bbox 297 2181 1073 2265; baseline -0.001 -20"><span class='ocrx_word' id='word_1_123' title='bbox 297 2201 363 2245; x_wconf 93' lang='lat' dir='ltr'>non</span> <span class='ocrx_word' id='word_1_124' title='bbox 385 2182 550 2265; x_wconf 82' lang='lat' dir='ltr'>pertineat,</span> <span class='ocrx_word' id='word_1_125' title='bbox 574 2183 654 2245; x_wconf 90' lang='lat' dir='ltr'>mihi</span> <span class='ocrx_word' id='word_1_126' title='bbox 678 2201 745 2246; x_wconf 84' lang='lat' dir='ltr'>nun</span> <span class='ocrx_word' id='word_1_127' title='bbox 769 2181 993 2245; x_wconf 90' lang='lat' dir='ltr'>disserendum</span> <span class='ocrx_word' id='word_1_128' title='bbox 1017 2186 1073 2244; x_wconf 81' lang='lat' dir='ltr'>est.</span> 
     </span>
    </p>

    <p class='ocr_par' dir='ltr' id='par_1_7' title="bbox 296 2286 1361 2691">
     <span class='ocr_line' id='line_1_18' title="bbox 403 2286 1359 2371; baseline 0.004 -21"><span class='ocrx_word' id='word_1_129' title='bbox 403 2286 551 2371; x_wconf 89' lang='lat' dir='ltr'>Denique</span> <span class='ocrx_word' id='word_1_130' title='bbox 578 2286 780 2351; x_wconf 85' lang='lat' dir='ltr'>Mommsenu</span> <span class='ocrx_word' id='word_1_131' title='bbox 803 2288 973 2363; x_wconf 86' lang='lat' dir='ltr'>adsentior,</span> <span class='ocrx_word' id='word_1_132' title='bbox 1010 2290 1067 2370; x_wconf 91' lang='lat' dir='ltr'>qui</span> <span class='ocrx_word' id='word_1_133' title='bbox 1101 2308 1168 2351; x_wconf 90' lang='lat' dir='ltr'>ncn</span> <span class='ocrx_word' id='word_1_134' title='bbox 1194 2290 1290 2353; x_wconf 85' lang='lat' dir='ltr'>medo</span> <span class='ocrx_word' id='word_1_135' title='bbox 1322 2293 1359 2355; x_wconf 92' lang='lat' dir='ltr'>in</span> 
     </span>
     <span class='ocr_line' id='line_1_19' title="bbox 296 2393 1359 2461; baseline 0.003 -4"><span class='ocrx_word' id='word_1_136' title='bbox 296 2394 474 2457; x_wconf 86' lang='lat' dir='ltr'>maioribus</span> <span class='ocrx_word' id='word_1_137' title='bbox 497 2415 611 2458; x_wconf 89' lang='lat' dir='ltr'>verum</span> <span class='ocrx_word' id='word_1_138' title='bbox 634 2396 730 2457; x_wconf 85' lang='lat' dir='ltr'>etiarn</span> <span class='ocrx_word' id='word_1_139' title='bbox 754 2396 788 2456; x_wconf 92' lang='lat' dir='ltr'>in</span> <span class='ocrx_word' id='word_1_140' title='bbox 812 2393 990 2457; x_wconf 86' lang='lat' dir='ltr'>minorihus</span> <span class='ocrx_word' id='word_1_141' title='bbox 1006 2393 1243 2459; x_wconf 83' lang='lat' dir='ltr'>Panathenaeis</span> <span class='ocrx_word' id='word_1_142' title='bbox 1257 2396 1359 2461; x_wconf 82' lang='lat' dir='ltr'>factas</span> 
     </span>
     <span class='ocr_line' id='line_1_20' title="bbox 297 2491 1360 2583; baseline 0 -18"><span class='ocrx_word' id='word_1_143' title='bbox 297 2520 367 2565; x_wconf 86' lang='lat' dir='ltr'>esse</span> <span class='ocrx_word' id='word_1_144' title='bbox 390 2501 462 2563; x_wconf 89' lang='lat' dir='ltr'>illas</span> <span class='ocrx_word' id='word_1_145' title='bbox 487 2502 631 2583; x_wconf 82' lang='lat' dir='ltr'>equitnm</span> <span class='ocrx_word' id='word_1_146' title='bbox 655 2520 789 2583; x_wconf 88' lang='lat' dir='ltr'>pompas</span> <span class='ocrx_word' id='word_1_147' title='bbox 812 2520 869 2583; x_wconf 90' lang='lat' dir='ltr'>pm</span> <span class='ocrx_word' id='word_1_148' title='bbox 892 2519 968 2563; x_wconf 87' lang='lat' dir='ltr'>vero</span> <span class='ocrx_word' id='word_1_149' title='bbox 992 2497 1125 2580; x_wconf 84' lang='lat' dir='ltr'>hahet‚3)</span> <span class='ocrx_word' id='word_1_150' title='bbox 1160 2520 1235 2564; x_wconf 90' lang='lat' dir='ltr'>cum</span> <span class='ocrx_word' id='word_1_151' title='bbox 1263 2491 1360 2565; x_wconf 87' lang='lat' dir='ltr'>etiam</span> 
     </span>
     <span class='ocr_line' id='line_1_21' title="bbox 296 2606 1361 2691; baseline 0 -20"><span class='ocrx_word' id='word_1_152' title='bbox 296 2626 373 2691; x_wconf 87' lang='lat' dir='ltr'>pace</span> <span class='ocrx_word' id='word_1_153' title='bbox 406 2625 530 2689; x_wconf 85' lang='lat' dir='ltr'>semper</span> <span class='ocrx_word' id='word_1_154' title='bbox 562 2612 687 2689; x_wconf 85' lang='lat' dir='ltr'>praesto</span> <span class='ocrx_word' id='word_1_155' title='bbox 714 2606 813 2670; x_wconf 88' lang='lat' dir='ltr'>fuerit</span> <span class='ocrx_word' id='word_1_156' title='bbox 840 2606 1093 2670; x_wconf 88' lang='lat' dir='ltr'>Atheniensibus</span> <span class='ocrx_word' id='word_1_157' title='bbox 1121 2608 1295 2689; x_wconf 83' lang='lat' dir='ltr'>equitatus,</span> <span class='ocrx_word' id='word_1_158' title='bbox 1323 2627 1361 2671; x_wconf 82' lang='lat' dir='ltr'>ac</span> 
     </span>
    </p>
   </div>
   <div class='ocr_carea' id='block_1_3' title="bbox 296 2714 985 2796">
    <p class='ocr_par' dir='ltr' id='par_1_8' title="bbox 296 2714 985 2796">
     <span class='ocr_line' id='line_1_22' title="bbox 296 2714 985 2796; baseline -0.003 -19"><span class='ocrx_word' id='word_1_159' title='bbox 296 2731 398 2777; x_wconf 84' lang='lat' dir='ltr'>novae</span> <span class='ocrx_word' id='word_1_160' title='bbox 422 2714 587 2795; x_wconf 80' lang='lat' dir='ltr'>impensae</span> <span class='ocrx_word' id='word_1_161' title='bbox 612 2714 667 2774; x_wconf 82' lang='lat' dir='ltr'>vix</span> <span class='ocrx_word' id='word_1_162' title='bbox 691 2714 800 2777; x_wconf 86' lang='lat' dir='ltr'>enasci</span> <span class='ocrx_word' id='word_1_163' title='bbox 816 2714 985 2796; x_wconf 86' lang='lat' dir='ltr'>potuerint.</span> 
     </span>
    </p>
   </div>
   <div class='ocr_carea' id='block_1_4' title="bbox 802 2942 938 3007">
    <p class='ocr_par' dir='ltr' id='par_1_9' title="bbox 802 2942 938 3007">
     <span class='ocr_line' id='line_1_23' title="bbox 802 2942 938 3007; baseline 0.022 -3"><span class='ocrx_word' id='word_1_164' title='bbox 802 2942 858 3007; x_wconf 88' lang='lat' dir='ltr'>VI.</span> <span class='ocrx_word' id='word_1_165' title='bbox 935 2989 938 2994; x_wconf 87' lang='lat'><em>-</em></span> 
     </span>
    </p>
   </div>
   <div class='ocr_carea' id='block_1_5' title="bbox 295 3082 1366 3595">
    <p class='ocr_par' dir='ltr' id='par_1_10' title="bbox 296 3082 1363 3276">
     <span class='ocr_line' id='line_1_24' title="bbox 387 3082 1363 3168; baseline 0.001 -21"><span class='ocrx_word' id='word_1_166' title='bbox 387 3084 498 3148; x_wconf 81' lang='lat' dir='ltr'>Cetera</span> <span class='ocrx_word' id='word_1_167' title='bbox 521 3085 560 3149; x_wconf 90' lang='lat' dir='ltr'>de</span> <span class='ocrx_word' id='word_1_168' title='bbox 585 3085 704 3167; x_wconf 91' lang='lat' dir='ltr'>quibus</span> <span class='ocrx_word' id='word_1_169' title='bbox 727 3082 884 3147; x_wconf 86' lang='lat' dir='ltr'>disserere</span> <span class='ocrx_word' id='word_1_170' title='bbox 907 3086 985 3148; x_wconf 91' lang='lat' dir='ltr'>mihi</span> <span class='ocrx_word' id='word_1_171' title='bbox 1009 3086 1169 3168; x_wconf 81' lang='lat' dir='ltr'>preposui,</span> <span class='ocrx_word' id='word_1_172' title='bbox 1192 3104 1266 3148; x_wconf 92' lang='lat' dir='ltr'>cum</span> <span class='ocrx_word' id='word_1_173' title='bbox 1291 3084 1363 3149; x_wconf 92' lang='lat' dir='ltr'>hre-</span> 
     </span>
     <span class='ocr_line' id='line_1_25' title="bbox 296 3192 1085 3276; baseline 0.004 -24"><span class='ocrx_word' id='word_1_174' title='bbox 296 3194 387 3258; x_wconf 82' lang='lat' dir='ltr'>vicra</span> <span class='ocrx_word' id='word_1_175' title='bbox 412 3192 484 3272; x_wconf 80' lang='lat' dir='ltr'>sint,</span> <span class='ocrx_word' id='word_1_176' title='bbox 509 3211 574 3253; x_wconf 89' lang='lat' dir='ltr'>unu</span> <span class='ocrx_word' id='word_1_177' title='bbox 599 3194 703 3274; x_wconf 87' lang='lat' dir='ltr'>capite</span> <span class='ocrx_word' id='word_1_178' title='bbox 727 3194 894 3276; x_wconf 88' lang='lat' dir='ltr'>complecti</span> <span class='ocrx_word' id='word_1_179' title='bbox 916 3192 1018 3255; x_wconf 84' lang='lat' dir='ltr'>liceat.</span> <span class='ocrx_word' id='word_1_180' title='bbox 1042 3228 1085 3275; x_wconf 70' lang='lat'>—7</span> 
     </span>
    </p>

    <p class='ocr_par' dir='ltr' id='par_1_11' title="bbox 295 3292 1366 3595">
     <span class='ocr_line' id='line_1_26' title="bbox 403 3292 1364 3382; baseline 0.004 -23"><span class='ocrx_word' id='word_1_181' title='bbox 403 3297 534 3360; x_wconf 88' lang='lat' dir='ltr'>Praeter</span> <span class='ocrx_word' id='word_1_182' title='bbox 572 3292 697 3380; x_wconf 82' lang='lat' dir='ltr'>equites</span> <span class='ocrx_word' id='word_1_183' title='bbox 739 3300 826 3382; x_wconf 89' lang='lat' dir='ltr'>ipsos</span> <span class='ocrx_word' id='word_1_184' title='bbox 863 3300 958 3362; x_wconf 86' lang='lat' dir='ltr'>etiam</span> <span class='ocrx_word' id='word_1_185' title='bbox 1002 3298 1156 3381; x_wconf 82' lang='lat' dir='ltr'>sagittarii</span> <span class='ocrx_word' id='word_1_186' title='bbox 1195 3304 1364 3379; x_wconf 87' lang='lat' dir='ltr'>equestres</span> 
     </span>
     <span class='ocr_line' id='line_1_27' title="bbox 298 3404 1365 3488; baseline 0.001 -21"><span class='ocrx_word' id='word_1_187' title='bbox 298 3404 433 3467; x_wconf 84' lang='lat' dir='ltr'>Athenis</span> <span class='ocrx_word' id='word_1_188' title='bbox 468 3405 630 3467; x_wconf 84' lang='lat' dir='ltr'>exstitisse</span> <span class='ocrx_word' id='word_1_189' title='bbox 665 3406 729 3467; x_wconf 86' lang='lat' dir='ltr'>iam</span> <span class='ocrx_word' id='word_1_190' title='bbox 763 3425 861 3488; x_wconf 86' lang='lat' dir='ltr'>supra</span> <span class='ocrx_word' id='word_1_191' title='bbox 894 3405 1050 3484; x_wconf 79' lang='lat' dir='ltr'>vidimus,</span> <span class='ocrx_word' id='word_1_192' title='bbox 1089 3422 1171 3485; x_wconf 88' lang='lat' dir='ltr'>ques</span> <span class='ocrx_word' id='word_1_193' title='bbox 1192 3404 1365 3487; x_wconf 86' lang='lat' dir='ltr'>ducentos</span> 
     </span>
     <span class='ocr_line' id='line_1_28' title="bbox 295 3507 1366 3595; baseline 0 -21"><span class='ocrx_word' id='word_1_194' title='bbox 295 3511 396 3575; x_wconf 86' lang='lat' dir='ltr'>fuisse</span> <span class='ocrx_word' id='word_1_195' title='bbox 420 3530 436 3574; x_wconf 90' lang='lat' dir='ltr'>e</span> <span class='ocrx_word' id='word_1_196' title='bbox 460 3508 655 3590; x_wconf 85' lang='lat' dir='ltr'>Thucydidis</span> <span class='ocrx_word' id='word_1_197' title='bbox 683 3512 754 3575; x_wconf 87' lang='lat' dir='ltr'>loco</span> <span class='ocrx_word' id='word_1_198' title='bbox 782 3532 878 3595; x_wconf 89' lang='lat' dir='ltr'>supra</span> <span class='ocrx_word' id='word_1_199' title='bbox 906 3507 1061 3591; x_wconf 57' lang='lat' dir='ltr'>laudatae</span> <span class='ocrx_word' id='word_1_200' title='bbox 1092 3510 1253 3573; x_wconf 89' lang='lat' dir='ltr'>discimus.</span> <span class='ocrx_word' id='word_1_201' title='bbox 1304 3508 1366 3574; x_wconf 85' lang='lat' dir='ltr'>Sa·</span> 
     </span>
    </p>
   </div>
   <div class='ocr_carea' id='block_1_6' title="bbox 296 3676 1369 3847">
    <p class='ocr_par' dir='ltr' id='par_1_12' title="bbox 296 3676 1369 3847">
     <span class='ocr_line' id='line_1_29' title="bbox 404 3676 1366 3758; baseline 0 -19"><span class='ocrx_word' id='word_1_202' title='bbox 404 3688 431 3754; x_wconf 77' lang='lat'>1)</span> <span class='ocrx_word' id='word_1_203' title='bbox 451 3686 490 3738; x_wconf 87' lang='lat' dir='ltr'>Dc</span> <span class='ocrx_word' id='word_1_204' title='bbox 509 3686 648 3754; x_wconf 79' lang='lat' dir='ltr'>republica</span> <span class='ocrx_word' id='word_1_205' title='bbox 664 3688 686 3758; x_wconf 74' lang='lat' dir='ltr'>l,</span> <span class='ocrx_word' id='word_1_206' title='bbox 708 3692 730 3743; x_wconf 90' lang='lat' dir='ltr'>l.</span> <span class='ocrx_word' id='word_1_207' title='bbox 767 3692 822 3740; x_wconf 75' lang='grc' dir='ltr'>Καί</span> <span class='ocrx_word' id='word_1_208' title='bbox 839 3683 1037 3755; x_wconf 69' lang='grc' dir='ltr'><em>ὁΑδειῖμαντοε,</em></span> <span class='ocrx_word' id='word_1_209' title='bbox 1050 3676 1113 3756; x_wconf 65' lang='grc' dir='ltr'>Ἀρά</span> <span class='ocrx_word' id='word_1_210' title='bbox 1131 3707 1168 3757; x_wconf 78' lang='lat' dir='ltr'>ys,</span> <span class='ocrx_word' id='word_1_211' title='bbox 1190 3676 1204 3751; x_wconf 74' lang='lat' dir='ltr'>r}</span> <span class='ocrx_word' id='word_1_212' title='bbox 1218 3685 1241 3737; x_wconf 89' lang='grc' dir='ltr'>δΙ</span> <span class='ocrx_word' id='word_1_213' title='bbox 1254 3682 1290 3747; x_wconf 68' lang='grc' dir='ltr'>δε,</span> <span class='ocrx_word' id='word_1_214' title='bbox 1303 3676 1366 3739; x_wconf 66' lang='grc' dir='ltr'><em>οὐδ’</em></span> 
     </span>
     <span class='ocr_line' id='line_1_30' title="bbox 296 3766 1369 3847; baseline -0.001 -20"><span class='ocrx_word' id='word_1_215' title='bbox 296 3778 351 3846; x_wconf 43' lang='grc' dir='ltr'><em>ἰξατο</em></span> <span class='ocrx_word' id='word_1_216' title='bbox 369 3770 411 3827; x_wconf 77' lang='grc' dir='ltr'>ὅτι</span> <span class='ocrx_word' id='word_1_217' title='bbox 429 3773 532 3843; x_wconf 62' lang='grc' dir='ltr'><em>λαμπὰς</em></span> <span class='ocrx_word' id='word_1_218' title='bbox 550 3780 624 3828; x_wconf 79' lang='grc' dir='ltr'><em>ἔσται</em></span> <span class='ocrx_word' id='word_1_219' title='bbox 642 3775 708 3846; x_wconf 59' lang='grc' dir='ltr'><em>πρὸς</em></span> <span class='ocrx_word' id='word_1_220' title='bbox 725 3780 839 3846; x_wconf 75' lang='grc' dir='ltr'><em>ἑσπέραν</em></span> <span class='ocrx_word' id='word_1_221' title='bbox 857 3768 902 3847; x_wconf 68' lang='grc' dir='ltr'>ἀφ’</span> <span class='ocrx_word' id='word_1_222' title='bbox 921 3779 1012 3829; x_wconf 76' lang='grc' dir='ltr'><em>ἵππων</em></span> <span class='ocrx_word' id='word_1_223' title='bbox 1030 3774 1065 3846; x_wconf 62' lang='grc' dir='ltr'>τῇ</span> <span class='ocrx_word' id='word_1_224' title='bbox 1087 3774 1162 3840; x_wconf 55' lang='grc' dir='ltr'>θεηή</span> <span class='ocrx_word' id='word_1_225' title='bbox 1181 3766 1237 3844; x_wconf 68' lang='grc' dir='ltr'>Ἆρ’</span> <span class='ocrx_word' id='word_1_226' title='bbox 1258 3775 1369 3834; x_wconf 50' lang='grc' dir='ltr'><em>ίτιπιοιἿ</em></span> 
     </span>
    </p>
   </div>
   <div class='ocr_carea' id='block_1_7' title="bbox 295 3852 1368 4289">
    <p class='ocr_par' dir='ltr' id='par_1_13' title="bbox 295 3852 1368 4025">
     <span class='ocr_line' id='line_1_31' title="bbox 297 3852 1368 3935; baseline -0.001 -21"><span class='ocrx_word' id='word_1_227' title='bbox 297 3852 329 3928; x_wconf 60' lang='grc' dir='ltr'>ἦν</span> <span class='ocrx_word' id='word_1_228' title='bbox 353 3861 375 3915; x_wconf 85' lang='grc' dir='ltr'>δ’</span> <span class='ocrx_word' id='word_1_229' title='bbox 395 3862 447 3935; x_wconf 78' lang='grc' dir='ltr'>ἐγώ</span> <span class='ocrx_word' id='word_1_230' title='bbox 467 3876 473 3887; x_wconf 89' lang='grc'><em>·</em></span> <span class='ocrx_word' id='word_1_231' title='bbox 502 3862 594 3917; x_wconf 80' lang='grc' dir='ltr'><em>καινόν</em></span> <span class='ocrx_word' id='word_1_232' title='bbox 617 3887 645 3935; x_wconf 74' lang='grc' dir='ltr'>με</span> <span class='ocrx_word' id='word_1_233' title='bbox 670 3864 762 3919; x_wconf 76' lang='grc' dir='ltr'><em>τοῦτο.</em></span> <span class='ocrx_word' id='word_1_234' title='bbox 799 3861 932 3932; x_wconf 79' lang='grc' dir='ltr'><em>λαμπάδια</em></span> <span class='ocrx_word' id='word_1_235' title='bbox 956 3869 1059 3929; x_wconf 72' lang='grc' dir='ltr'><em>ε”χοντει</em></span> <span class='ocrx_word' id='word_1_236' title='bbox 1081 3860 1266 3914; x_wconf 74' lang='grc' dir='ltr'><em>διαδιδσονσιν.</em></span> <span class='ocrx_word' id='word_1_237' title='bbox 1281 3852 1368 3928; x_wconf 73' lang='grc' dir='ltr'><em>ἀλλή-</em></span> 
     </span>
     <span class='ocr_line' id='line_1_32' title="bbox 295 3937 1306 4025; baseline 0.002 -24"><span class='ocrx_word' id='word_1_238' title='bbox 295 3950 355 4006; x_wconf 80' lang='grc' dir='ltr'><em>λονε</em></span> <span class='ocrx_word' id='word_1_239' title='bbox 373 3946 546 4025; x_wconf 71' lang='grc' dir='ltr'><em>ἁμιλλώμενοι</em></span> <span class='ocrx_word' id='word_1_240' title='bbox 563 3960 620 4007; x_wconf 56' lang='grc' dir='ltr'><em>τοῖς</em></span> <span class='ocrx_word' id='word_1_241' title='bbox 639 3955 749 4016; x_wconf 77' lang='grc' dir='ltr'><em>ίππσιε;</em></span> <span class='ocrx_word' id='word_1_242' title='bbox 767 3952 784 4020; x_wconf 61' lang='grc' dir='ltr'><em>ἢ</em></span> <span class='ocrx_word' id='word_1_243' title='bbox 802 3939 858 4007; x_wconf 63' lang='grc' dir='ltr'>πῶς</span> <span class='ocrx_word' id='word_1_244' title='bbox 875 3952 952 4023; x_wconf 65' lang='grc' dir='ltr'><em>λέγεις</em></span> <span class='ocrx_word' id='word_1_245' title='bbox 969 3975 992 4007; x_wconf 87' lang='grc' dir='ltr'>κ.</span> <span class='ocrx_word' id='word_1_246' title='bbox 1012 3974 1034 4005; x_wconf 84' lang='grc' dir='ltr'>τ.</span> <span class='ocrx_word' id='word_1_247' title='bbox 1056 3950 1078 4005; x_wconf 81' lang='grc' dir='ltr'>λ.</span> <span class='ocrx_word' id='word_1_248' title='bbox 1304 3937 1306 3940; x_wconf 27' lang='lat'>¹</span> 
     </span>
    </p>

    <p class='ocr_par' dir='ltr' id='par_1_14' title="bbox 404 4040 932 4110">
     <span class='ocr_line' id='line_1_33' title="bbox 404 4040 932 4110; baseline 0.002 -16"><span class='ocrx_word' id='word_1_249' title='bbox 404 4040 431 4107; x_wconf 77' lang='lat'>2)</span> <span class='ocrx_word' id='word_1_250' title='bbox 450 4040 489 4093; x_wconf 85' lang='lat' dir='ltr'>De</span> <span class='ocrx_word' id='word_1_251' title='bbox 509 4040 590 4109; x_wconf 83' lang='lat' dir='ltr'>equit.</span> <span class='ocrx_word' id='word_1_252' title='bbox 610 4043 655 4096; x_wconf 81' lang='lat' dir='ltr'>att.</span> <span class='ocrx_word' id='word_1_253' title='bbox 673 4058 733 4110; x_wconf 85' lang='lat' dir='ltr'>pag.</span> <span class='ocrx_word' id='word_1_254' title='bbox 754 4042 796 4110; x_wconf 74' lang='lat'>19,</span> <span class='ocrx_word' id='word_1_255' title='bbox 815 4045 870 4101; x_wconf 80' lang='lat' dir='ltr'>not,</span> <span class='ocrx_word' id='word_1_256' title='bbox 889 4044 932 4095; x_wconf 82' lang='lat'>51.</span> 
     </span>
    </p>

    <p class='ocr_par' dir='ltr' id='par_1_15' title="bbox 306 4115 882 4289">
     <span class='ocr_line' id='line_1_34' title="bbox 402 4115 882 4199; baseline 0 -17"><span class='ocrx_word' id='word_1_257' title='bbox 402 4130 428 4199; x_wconf 87' lang='lat'>3)</span> <span class='ocrx_word' id='word_1_258' title='bbox 448 4129 621 4198; x_wconf 84' lang='lat' dir='ltr'>Heortulogic</span> <span class='ocrx_word' id='word_1_259' title='bbox 640 4146 699 4199; x_wconf 83' lang='lat' dir='ltr'>pag.</span> <span class='ocrx_word' id='word_1_260' title='bbox 717 4132 775 4189; x_wconf 68' lang='lat' dir='ltr'>irc,</span> <span class='ocrx_word' id='word_1_261' title='bbox 879 4115 882 4120; x_wconf 42' lang='lat'><em>¹</em></span> 
     </span>
     <span class='ocr_line' id='line_1_35' title="bbox 306 4220 568 4289; baseline -0.019 -11"><span class='ocrx_word' id='word_1_262' title='bbox 306 4270 309 4278; x_wconf 93' lang='grc'><em>,</em></span> <span class='ocrx_word' id='word_1_263' title='bbox 372 4280 374 4289; x_wconf 67' lang='lat'><em>,</em></span> <span class='ocrx_word' id='word_1_264' title='bbox 400 4220 427 4288; x_wconf 83' lang='lat'>4)</span> <span class='ocrx_word' id='word_1_265' title='bbox 448 4234 506 4287; x_wconf 80' lang='lat' dir='ltr'>pag.</span> <span class='ocrx_word' id='word_1_266' title='bbox 527 4220 568 4289; x_wconf 69' lang='lat' dir='ltr'>il.</span> 
     </span>
    </p>
   </div>
   <div class='ocr_carea' id='block_1_8' title="bbox 0 0 1493 4917">
    <p class='ocr_par' dir='ltr' id='par_1_16' title="bbox 0 0 1493 4917">
     <span class='ocr_line' id='line_1_36' title="bbox 0 0 1493 4917; baseline 0 0"><span class='ocrx_word' id='word_1_267' title='bbox 0 0 1493 4917; x_wconf 95' lang='lat' dir='ltr'> </span> 
     </span>
    </p>
   </div>
  </div>
 </body>
</html>
