2967 4917
777 420 818 481 16

260 606 378 695 inquit,
387 604 585 671 Mantitheus
601 612 767 672 enumerat
782 609 911 691 indicia,
925 610 1075 693 equibus
1090 612 1329 679 conficiendum

260 712 382 791 fuisset,
406 726 562 777 eum'non
587 708 751 781 ἱππεῦσαι
770 735 827 800 per
841 717 1036 797 anarohiam,
1059 723 1188 801 apparet
1201 722 1325 785 iustum

263 819 407 882 ordinem
442 819 480 882 ab
520 839 557 883 eo
588 824 719 902 servari,
746 824 792 886 ita
815 829 853 887 ut
874 824 1013 907 primum
1050 823 1134 887 dieat
1169 816 1234 890 οὔτ’
1258 819 1329 891 άπ-

260 922 434 1005 ενεχθέντα
457 918 523 991 ὑπὸ
546 928 612 991 τῶν
635 925 808 1015 ιγολάρχιον
825 980 832 992 .
850 978 881 993 ..
905 935 975 994 tum
999 919 1071 995 σ’άτε
1089 930 1329 1018 παραδοθέντα

261 1034 332 1109 τοῖς
355 1028 541 1110 συνδίκοις.
567 1084 573 1098 .
600 1084 606 1097 .
631 1037 762 1098 tertium
786 1037 873 1118 quod
897 1038 1027 1103 subiicit
1050 1028 1122 1103 σ’άτε
1144 1035 1329 1104 κατάστσιν

259 1135 494 1223 παραλαβόντα
518 1142 677 1205 eiusmodi
701 1148 757 1223 est,
781 1158 818 1206 ut
840 1164 908 1207 rem
930 1147 1035 1228 ipsam
1058 1147 1228 1227 contineat,
1259 1166 1329 1209 non

260 1245 302 1308 sit
325 1252 560 1329 argumentum,
584 1267 649 1330 quo
665 1268 702 1313 ea
719 1249 985 1316 demonstretur.“
1030 1252 1178 1316 Postulat
1192 1250 1329 1333 Bakins,

260 1356 297 1414 ut
320 1353 412 1415 tertio
436 1353 505 1415 looo
529 1354 562 1416 id
585 1357 728 1437 posuerit
752 1355 959 1439 Mantitheus,
973 1435 976 1442 Ι
992 1360 1096 1442 „quod
1121 1360 1213 1441 sequi
1236 1363 1330 1441 opor-

255 1459 376 1522 tuisset
398 1458 611 1539 Syndioorum
636 1464 863 1544 cognitionem,
897 1483 1012 1547 nempe
1040 1466 1200 1528 restitutio
1223 1466 1329 1547 ipsius

198 1592 201 1600 ¹
259 1562 494 1644 καταστάσεως
509 1569 542 1629 in
558 1569 743 1631 aerarium&
790 1571 900 1652 Atque
916 1573 1055 1634 correxit
1070 1570 1193 1635 Bakius
1208 1571 1329 1652 locum,

260 1690 333 1735 eum
357 1674 477 1757 legeret
501 1664 571 1738 σάτα
587 1671 792 1739 κατάστασιν
809 1672 1046 1759 καταβαλόντα,
1071 1683 1102 1741 et
1117 1683 1328 1760 quaerentem

230 1855 232 1858 ¹
263 1780 340 1861 quid
365 1782 407 1843 sit
430 1777 647 1863 καταβάλλειν
670 1784 709 1845 ad
733 1780 983 1846 Demosthenem
996 1781 1135 1867 (XXIV,
1160 1783 1216 1866 96)
1241 1785 1328 1848 dele-

260 1888 362 1969 gavit:
397 1938 403 1950 .
428 1934 434 1949 .
459 1883 532 1965 τοὺς
554 1882 686 1968 ἔχοντας
708 1885 750 1953 τά
775 1912 809 1953 τε
834 1883 903 1975 ἱερά
927 1887 983 1953 καί
1007 1885 1049 1953 τά
1073 1883 1152 1954 ὅσια
1174 1887 1328 1978 χρήματα

261 1990 479 2077 καταβάλλειν
519 1990 567 2072 εἰς
600 1990 638 2059 τὸ
671 1993 904 2085 βουλευτήριον,
939 1991 969 2060 εί
998 1994 1034 2059 δὲ
1060 1991 1106 2085 μὴ
1129 1991 1187 2085 τὴν
1208 1990 1329 2083 βουλὴν

262 2093 377 2178 αὐτοὺς
400 2096 620 2186 εἰσπράττειν.
637 2108 680 2149 -“-
696 2101 738 2165 Et
760 2108 953 2187 argumenta
975 2102 1070 2165 Bakii
1088 2108 1120 2166 et
1131 2104 1233 2186 ipsam
1249 2122 1328 2166 oon-

250 2209 418 2271 ieoturam
456 2207 627 2291 oomprobo
659 2214 691 2271 et
725 2228 917 2292 magnopere
952 2210 1058 2290 miror,
1095 2209 1180 2291 quod
1214 2214 1328 2292 postea

261 2333 313 2395 „re
336 2315 454 2380 iterum
477 2317 660 2397 iterumque
684 2316 901 2378 οοαείάεικιλειι
927 2314 1104 2396 dubitabat,
1138 2335 1217 2378 num
1249 2334 1328 2378 vere

260 2419 470 2501 oonieoerit.1)
516 2421 665 2485 Primum
698 2422 785 2504 quod
818 2423 900 2485 dixit
931 2416 1149 2504 καταβάλλειν
1176 2423 1328 2505 usurpari

261 2528 299 2591 de
322 2530 372 2609 iis,
396 2530 453 2611 qui
474 2530 646 2611 pecuniam
661 2530 697 2591 in
716 2530 878 2591 aerarium
900 2528 1042 2611 pendant
1065 2529 1176 2609 „velut
1194 2548 1212 2592 e
1228 2530 1328 2591 vecti-

259 2634 387 2721 galibus
411 2640 467 2697 aut
490 2654 532 2697 ex
556 2634 735 2698 devenditis
758 2636 809 2715 iia,
833 2654 917 2718 quae
939 2634 1070 2717 publiea
1086 2639 1202 2714 essent,
1225 2634 1265 2697 de
1283 2635 1327 2697 iis

260 2743 317 2824 qui
336 2740 464 2826 publice
481 2741 623 2803 damnati
639 2747 757 2823 essent,
776 2742 839 2804 dici
857 2733 1050 2820 dnoriour‘ss
1075 2742 1104 2803 ei
1118 2740 1179 2803 hoe
1191 2760 1331 2824 oppono,

257 2843 478 2932 καταβάλλειν
499 2848 533 2910 id
557 2848 747 2931 significare,
771 2848 858 2931 quod
874 2849 1057 2931 germanico
1073 2847 1211 2910 dicimus
1235 2848 1330 2928 „zah-

258 2956 321 3036 len,
345 2954 525 3037 bezahlen“,
561 2956 677 3019 deinde
706 2957 802 3018 etium
833 2954 873 3019 de
895 2953 1023 3037 publice
1047 2955 1205 3017 damnatis
1229 2974 1329 3017 usur-

258 3067 368 3145 patum
381 3062 451 3125 esse
464 3062 657 3125 vocabulum
667 3062 750 3124 illud
759 3060 999 3124 aDemosthene
1012 3058 1229 3144 (XXIV,83):
1245 3052 1327 3123 ὥστ’

258 3166 294 3231 ἐκ
309 3163 430 3231 τούτων
439 3157 478 3255 ἦν
488 3160 610 3255 ἀνάγκη
621 3171 692 3244 τοῖς
706 3160 843 3255 ὂιγλοῦοι
859 3161 896 3230 τὸ
908 3163 1124 3252 γεγραμμένον
1141 3166 1169 3229 τ’
1187 3162 1330 3230 ἐκτίνειν

258 3270 314 3338 καί
343 3268 403 3350 τάς
429 3270 465 3336 ἐκ
499 3274 565 3336 τῶν
593 3269 699 3355 νόμιον
737 3268 923 3358 παρουσίας
958 3268 1099 3359 ζημίας
1126 3269 1329 3356 καταβάλ-

257 3380 348 3445 λειν.
396 3378 489 3455 Quod
513 3379 628 3443 deinde
652 3379 826 3442 arbitratur
848 3378 982 3459 Bakius,
1005 3378 1254 3461 phylarchorum
1271 3380 1329 3443 de-

257 3488 411 3553 lationem
424 3507 491 3549 uon
506 3487 613 3549 statim
630 3505 742 3550 omnes
764 3486 935 3566 indicasse,
950 3506 969 3547 a
986 3485 1106 3567 quibus
1121 3481 1329 3563 κατάστασις

258 3599 343 3659 esset
365 3594 547 3677 repetenda,
572 3598 669 3677 atque
690 3595 725 3655 in
749 3593 824 3674 illis,
848 3612 987 3675 quorum
1009 3592 1142 3655 nomina
1156 3593 1329 3676 phylarohi

259 3702 460 3777 detulissent,
485 3701 564 3764 alios
592 3700 703 3783 fuisse,
737 3701 795 3783 qui
827 3699 1033 3782 accepissent,
1067 3698 1145 3761 alios
1170 3700 1227 3782 qui
1259 3718 1330 3761 non

216 3884 218 3888 ι
259 3809 458 3891 accepissent
488 3802 704 3888 κατάστασιν,
735 3807 816 3870 haee
848 3825 955 3890 neque
989 3805 1091 3869 firmis
1126 3806 1328 3888 argumentis

257 3915 406 3977 nituntur
428 3932 535 3996 neque
559 3916 690 3977 omnino
714 3913 845 3977 adrem
868 3915 1037 3997 pertinent
1083 3910 1327 3994 Justumargu·

257 4025 440 4084 mentorum
477 4020 621 4083 ordinem
657 4019 846 4099 doleremus,
881 4039 989 4103 neque
1021 4023 1144 4082 eertum
1167 4017 1327 4081 indicium

363 4248 390 4320 1)
408 4248 496 4305 Sohol.
514 4248 578 4318 hyp.
597 4248 631 4317 V,
650 4265 675 4316 p.
695 4250 755 4303 162.
