2967 4917
617 432 656 493 31

109 625 313 687 calcitrantes
330 617 580 705 (λακτίζοντας),
598 640 678 703 quos
690 619 874 703 Xenophon
890 619 1073 701 (Hipparoh.
1086 618 1111 699 l,
1126 619 1175 680 15.

110 730 242 794 Memor.
266 728 325 808 III,
350 730 379 809 3,
402 729 433 803 4)
457 732 692 805 commemorat,
726 728 785 790 hos
808 729 842 789 in
866 728 1014 808 equitum
1037 726 1177 788 recensi-

110 836 228 899 onibus
264 856 282 898 a
315 840 429 898 senatu
464 834 613 897 exclusos
648 852 716 897 esse
752 832 896 912 arbitror,
931 852 1005 895 oum
1040 826 1113 907 τοὺρΊ
1143 828 1177 894 ἐν

112 937 299 1019 ίππαοίαις
321 937 534 1021 λακτίζοντας
556 939 683 1016 ἵππους
706 940 790 1003 dieat
812 938 1004 1021 Xenophon,
1040 938 1069 999 h.
1093 956 1119 1000 e.
1143 939 1177 999 in

111 1051 259 1131 equitum
283 1046 566 1111 exercitationibus
590 1048 794 1120 reluctantes
817 1046 857 1109 de
881 1044 998 1128 quibus
1018 1044 1176 1107 iudicium

110 1174 176 1217 non
201 1174 299 1237 penes
322 1155 394 1218 illos
411 1154 547 1217 arbitros
572 1153 627 1217 sed
644 1169 741 1237 penes
761 1159 864 1216 totum
883 1156 1033 1215 sonatum
1048 1151 1178 1213 ¹videtur

110 1260 221 1324 fuisse.
269 1260 339 1335 Quo
374 1261 412 1323 de
444 1279 560 1341 genere
594 1259 821 1342 probationum
848 1258 1017 1342 Lycurgus
1048 1258 1178 1321 locutus

110 1365 189 1447 stul)
214 1367 387 1451 disceptari
409 1387 475 1430 non
499 1386 680 1449 possumus.

219 1506 268 1572 De
292 1508 543 1590 recensionibuS,
572 1528 653 1591 qnos
676 1508 814 1571 habebat
838 1514 977 1588 senatus,
1010 1526 1093 1588 quae
1118 1510 1178 1570 soi-

108 1636 196 1696 τινας,
228 1635 294 1678 non
324 1617 370 1678 ita
402 1616 505 1678 multa
540 1621 626 1679 sunt.
672 1613 757 1677 Loca
790 1613 908 1696 quibus
931 1613 1001 1677 fieri
1025 1614 1179 1699 solebant,

108 1722 294 1806 Xenophon
328 1727 556 1785 commemorat
579 1721 797 1802 Academiam,
820 1721 973 1802 Lyceum,
995 1720 1179 1792 Phalerim,

109 1826 407 1911 Hippodromumssl
454 1826 613 1903 Quoniam
628 1826 869 1910 Hippodromus
891 1830 926 1890 in
946 1828 1081 1891 Phalero
1098 1829 1179 1891 situs

110 1938 156 1997 sit
191 1940 248 1997 aut
272 1934 369 1998 verba
393 1932 447 1999 καὶ
475 1929 514 1998 τὰ
542 1933 687 2021 Φαληροῖ
711 1934 847 1997 delenda
871 1955 943 1999 esse
967 1938 1023 1997 aut
1039 1953 1178 2017 sequens

109 2214 285 2287 βαλλόμενον,
304 2220 347 2269 ἵνα
361 2224 452 2286 μηκέτι
469 2214 672 2285 στρατεύωνται,
691 2214 723 2269 τὸ
741 2217 855 2271 παλαιὸν
872 2215 981 2271 ἐνάλων
998 2224 1181 2287 πρασίππιον.

112 2305 207 2375 τροχὸς
225 2305 253 2357 δὲ
271 2292 305 2371 ἦν
322 2300 337 2357 ὁ
355 2304 557 2374 ἐπιβαλλόμενος
572 2304 704 2375 χαρακτὴρ
726 2306 762 2377 τῇ
783 2303 879 2375 γνάθῳ
903 2307 960 2359 ταῖν
976 2307 1074 2364 ἵππων,
1111 2305 1180 2359 Item

111 2410 199 2462 equos
221 2396 329 2461 propter·
352 2396 511 2447 vetustatem
536 2410 589 2447 non
612 2394 666 2446 iam
691 2394 802 2449 idoneos
830 2394 994 2464 significatos
1021 2410 1088 2463 esse,
1117 2394 1180 2446 vide

110 2481 212 2537 Pollux
231 2482 292 2543 VII,
313 2484 378 2536 186:
412 2481 443 2535 το
462 2490 553 2551 μέντοι
570 2488 628 2537 τοῖς
645 2473 819 2553 ἇπηγρεακόσι
837 2484 995 2537 τῶνίππων
1006 2480 1179 2551 ἐπιβαλλόμε-

112 2593 165 2624 νον
188 2578 299 2641 σημεῖον
322 2577 494 2639 τρνοίππειον
517 2569 643 2625 ἐκαλεῖτο,
678 2570 792 2625 Pholius
815 2572 832 2628 l.
851 2572 868 2625 l.
889 2602 923 2610 -
941 2571 1096 2641 Hesychius
1113 2587 1134 2627 s.
1153 2588 1180 2625 V.

105 2657 207 2713 Ἵππου
226 2655 343 2729 τροχός·
362 2665 418 2713 ταῖς
435 2656 606 2730 γεγηρακόσιν
622 2661 711 2714 ἵπποις
722 2657 868 2730 ἕχάραττον
885 2667 928 2715 ἐπὶ
945 2661 996 2728 τὴν
1013 2658 1120 2733 γνάθον
1132 2680 1181 2726 οη-

109 2754 189 2817 μεῖον
210 2748 304 2818 τροχοῦ
326 2768 411 2817 σχημα
434 2753 494 2813 ε’χον
514 2748 655 2802 ’ἐκαλεῖτο
680 2747 708 2801 δὲ
732 2758 775 2802 καὶ
792 2758 958 2821 τρυσίνιπιον.
998 2750 1135 2805 Suidass.
1154 2767 1181 2802 v.

103 2834 221 2903 Ἵππω·
241 2839 314 2903 ἴτιπῳ
332 2834 490 2907 γηράσκοντι
508 2838 542 2890 τὰ
559 2846 650 2941 μείονα
668 2836 735 2892 κίκλ
755 2838 876 2907 ἐπίβαλλε
895 2845 963 2893 ’ἐπὶ
981 2840 1038 2893 τῶν
1065 2837 1108 2892 διὰ
1131 2839 1181 2910 γῆ-

112 2947 161 2995 ρας
191 2922 325 2994 δεομένων
349 2925 486 2993 ῥᾳστώνης
513 2927 583 2983 τινὸς
609 2935 652 2981 καί
680 2919 838 2993 αναπαίλης.
876 2927 966 2995 Etym.
986 2945 1073 2997 magn
1116 2936 1181 2999 Τρε-

112 3021 238 3067 σίππειον
257 3027 264 3040 ·
280 3011 412 3085 Ἔγναυμα
430 3017 512 3068 ἵππον
530 3014 704 3088 γεγηρακότος
727 3022 770 3070 ἐπὶ
788 3016 834 3083 τῆς
851 3014 957 3087 γνάθου
976 3018 1063 3087 τροχῷ
1079 3014 1181 3087 ὅμοιον.

115 3100 209 3157 Oileos·
228 3100 343 3157 Εὔπολις
359 3100 501 3172 Ῥητορική.
537 3104 695 3158 Eustalhr'us
714 3105 764 3158 Od.
783 3104 805 3164 δ,
826 3106 885 3159 762.
924 3148 930 3158 .
950 3147 959 3174 ·.
978 3151 984 3162 .
1008 3104 1026 3173 ἢ
1043 3104 1110 3159 κατὰ
1128 3109 1181 3159 Αἴ-

112 3190 172 3243 λιον
190 3187 331 3243 Διονύσιον
350 3199 520 3261 τρυσίππειον
538 3190 760 3263 τετραουλλτίθως,
778 3198 894 3266 ἔγκαυμα
911 3196 993 3249 ἵππον
1010 3193 1185 3265 γεγηρακότος

113 3285 158 3333 ἐπὶ
181 3278 228 3345 τῆς
246 3276 353 3350 γνάθου
372 3276 465 3335 ὅμοιον
483 3282 571 3351 τροχῷ
589 3305 611 3337 κ.
630 3306 655 3338 τ.
673 3282 694 3337 λ.
733 3282 865 3336 Zenobius
883 3282 931 3349 IV,
949 3285 997 3337 41:
1017 3280 1115 3350 ,ζἸπτιῳ
1133 3305 1181 3355 γη-

113 3366 241 3437 ράσκοντι
259 3365 294 3420 ταὶ
312 3375 402 3435 μείονα
421 3366 488 3422 κύκλ
509 3370 630 3439 ἐπίβαλλε
649 3386 654 3397 “
674 3369 772 3437 ταύτης
794 3378 924 3440 μέμνηται
943 3369 1049 3442 Κράτης
1066 3367 1081 3424 ὁ
1099 3394 1180 3440 κωμι-

112 3456 159 3511 κὸς
178 3461 297 3524 Σαμίοις.
339 3454 465 3510 Τάττεται
484 3457 512 3510 δὲ
531 3464 574 3513 ἐπὶ
591 3460 648 3513 τῶν
660 3458 703 3512 διαὶ
720 3461 801 3531 γῆρας
818 3458 956 3530 ῥᾳστώνης
967 3459 1100 3529 δεομένων
1113 3459 1184 3516 τινὸς

113 3552 157 3597 καὶ
175 3536 335 3611 avunculus.
372 3551 483 3617 Εἴρηται
502 3546 531 3600 δὲ
549 3540 601 3602 ἀπὸ
619 3549 818 3618 στρατιωτικῶν
841 3551 931 3602 ἵππων
955 3550 993 3604 οἷς
1009 3547 1184 3620 γηράσκουσιν

113 3632 263 3699 ἐπέβαλλον
289 3634 318 3687 τὸ
341 3634 503 3691 καλούμενον
524 3644 683 3707 τρασίππιον
701 3650 707 3663 ·
726 3642 783 3691 ἔστι
807 3636 836 3689 δὲ
858 3638 940 3690 τοῦτο
958 3634 1079 3706 σιδηροῦς
1095 3644 1182 3706 τροχί-

114 3742 177 3777 σκος
204 3722 285 3775 οἱονεὶ
306 3709 429 3792 δημόσιος
453 3720 488 3781 oie
503 3725 635 3796 χαρακτὴρ
653 3732 785 3794 τροχίσκος
808 3721 841 3777 ὃν
864 3725 1036 3794 ἐκπυροῦντες
1052 3723 1184 3793 ἐπέβαλον

114 3816 174 3865 τοῖς
186 3808 290 3881 σιαγόσι
301 3812 358 3865 τῶν
370 3815 467 3868 ἵππων.
487 3814 556 3866 Vide
568 3814 717 3869 Schneider·
729 3813 1183 3883 achnophontisHippa1·ch.I,13.

225 3900 254 3968 1)
273 3902 352 3967 Apud
359 3900 596 3970 Harpocrationem
607 3920 621 3956 s
636 3920 662 3957 v.
670 3901 846 4004 δοκιμαρθείς,
854 3902 917 3955 ride
929 3918 1010 3970 supra
1022 3924 1047 3975 p.
1056 3905 1089 3959 27
1096 3906 1150 3959 not.
1158 3905 1183 3957 2.

225 3990 254 4057 2)
273 3988 418 4058 Hipparch.
438 3992 486 4053 HI,
506 3994 529 4046 1.
572 3992 630 4045 Των
648 3990 680 4045 δε
694 4015 723 4064 γε
740 4015 794 4062 μην
811 3984 887 4059 αυτῷ
909 3990 960 4059 ηδη
984 3993 1070 4063 με’λειν
1087 3994 1129 4048 δεῖ
1145 4016 1184 4062 τω

116 4074 267 4146 ἱππάρχαι.
341 4077 453 4131 ,ἔτιδὲ
475 4087 517 4132 καί
540 4078 620 4133 τᾶλλα
642 4077 693 4133 dou
711 4078 886 4135 ἐπιδεικνύναι
910 4080 952 4134 δεῖ
967 4104 1001 4153 τῃ
991 4080 1127 4135 πόλει’
1111 4104 1185 4139 οπως

116 4152 272 4247 ᾗδυνατὸν
289 4118 410 4219 κιίλλιστα
435 4165 612 4228 ἐπιδείξει’
580 4192 614 4223 τα
635 4190 665 4223 τε
686 4176 716 4222 ἐν
732 4162 839 4238 Ακαδηγ
837 4176 888 4235 ιείιι
910 4177 951 4223 καὶ
973 4193 1009 4223 τα
1032 4176 1062 4224 ἐν
1080 4177 1184 4237 Λυκείῳ

115 4260 158 4307 καί
177 4252 212 4307 τὰ
233 4253 354 4325 Φαληροῖ
372 4254 465 4308 καὶτὰ
483 4261 513 4309 ἐν
530 4280 569 4325 τῳ
559 4256 754 4329 ἱππαδρόκω.
