2967 4917
812 401 850 463 18

294 590 419 672 perium
443 587 636 651 tenentibus.
683 588 762 651 Rem
787 591 833 651 ita
856 609 889 653 se
913 589 1038 670 habere,
1061 596 1099 654 ut
1122 610 1188 653 non
1212 593 1275 655 nisi
1297 592 1347 655 sub

292 696 504 779 trIgintaviris
521 695 592 757 data
609 696 650 758 sit
665 691 877 773 κατάστασις,
902 695 1024 759 Bakius
1041 697 1208 761 ostendere
1223 705 1349 762 conatus

293 800 380 886 est,¹)
406 802 462 883 qui
485 801 572 863 hisce
595 803 799 884 potissimum
824 802 938 865 nititur
959 802 1066 866 rebus.
1113 803 1166 884 „Si
1189 806 1348 887 perpetui,“

293 909 408 989 inquit,
434 908 548 987 „moris
571 907 693 987 fuisset,
729 910 870 990 primum
903 908 981 991 quid
1013 928 1094 991 opus
1117 915 1185 973 erat
1208 912 1350 993 peculiari

292 1014 518 1096 psephismate,
545 1034 609 1097 quo
638 1010 844 1091 κατάστασις
865 1016 966 1097 repeti
988 1015 1192 1079 iuberetur?“
1238 1016 1276 1079 ln
1300 1017 1352 1079 hac

293 1138 327 1182 re
350 1119 452 1182 Balio
477 1120 648 1197 adsentior,
684 1140 759 1182 nam
787 1139 862 1183 cum
887 1121 971 1184 dicat
993 1121 1205 1204 Harpocratio
1233 1128 1274 1204 et,
1301 1125 1354 1205 qui

293 1247 369 1290 eum
393 1228 495 1289 secuti
526 1233 612 1306 suut,
643 1226 778 1289 Plotius
814 1232 846 1290 et
875 1226 1004 1290 Suidas:
1041 1219 1224 1293 ἀπεδίδοτο
1255 1227 1290 1292 δὲ
1320 1223 1354 1292 τὸ

294 1325 443 1419 ἆργίριον
465 1324 531 1395 ὑπὸ
556 1334 622 1395 τῶν
654 1327 896 1411 ἱππευσάντων,
932 1327 984 1397 ὅτε
1015 1326 1089 1398 <irai
1123 1327 1229 1399 αὐτῶν
1256 1332 1352 1419 ἕτεροι

293 1434 500 1504 καθίσταντο
517 1458 523 1470 ’
541 1431 687 1526 ἀπῄτουν
711 1437 746 1503 δὲ
771 1435 801 1504 oi
827 1435 994 1525 φύλαρχοι,
1019 1441 1105 1523 quod
1121 1442 1220 1504 semel
1239 1441 1357 1503 factum

294 1564 365 1609 esso
400 1544 514 1625 Lysias
550 1551 671 1627 narrat,
712 1565 838 1629 semper
876 1548 975 1610 moris
1012 1547 1126 1627 fuisse,
1165 1546 1358 1609 arbitrantur

293 1653 504 1735 grammatici,
528 1671 611 1735 quae
635 1654 730 1715 etiam
754 1652 911 1716 Pastoreti
936 1654 1042 1735 opinio
1066 1650 1173 1733 erata)
1221 1650 1359 1715 Omnino

255 1824 256 1829 ,
293 1760 364 1821 aliis
397 1758 598 1842 temporibus
632 1753 838 1823 κατάστασιν
869 1779 935 1821 non
966 1762 1132 1843 repetitam
1166 1778 1250 1837 esse.
1281 1759 1359 1820 mihi

293 1885 485 1948 persuasum
509 1870 566 1945 est,
589 1885 675 1946 nam,
689 1867 894 1947 quaerimus,
922 1885 980 1928 cur
1002 1872 1072 1929 tum
1096 1885 1166 1929 eam
1186 1866 1256 1928 dari
1278 1885 1361 1947 opus

294 1973 383 2035 erat?
430 1971 476 2035 Ne
498 1971 531 2033 id
557 1972 686 2053 quidem
706 1972 895 2035 Hermanno
911 1974 1062 2053 concedo,
1084 1974 1254 2055 pecuniam
1271 1972 1363 2033 illam

295 2078 458 2159 equitibus
482 2097 547 2139 non
572 2082 636 2141 tam
662 2078 822 2161 donatam,
847 2099 943 2162 quam
967 2078 1199 2141 commodatam
1223 2080 1364 2141 asscita

294 2191 340 2264 nt,
364 2185 391 2247 si
415 2189 487 2246 ante
511 2183 690 2267 legitimum
714 2190 842 2267 tempus
866 2186 1013 2248 militiam
1037 2185 1264 2263 deseruissent,
1291 2204 1362 2247 eam

295 2292 416 2354 aerario
440 2289 570 2373 publico
600 2293 815 2373 restituerent,
842 2312 918 2355 nam
951 2294 1046 2355 etiam
1069 2292 1167 2354 huius
1190 2294 1245 2372 rei,
1279 2312 1365 2374 quae

295 2415 393 2459 causa
415 2396 520 2478 fuerit,
543 2416 608 2459 non
634 2400 710 2461 satis
732 2399 893 2482 intellego.
938 2397 1055 2479 Lysiae
1078 2417 1154 2460 vero
1178 2399 1296 2477 locum,
1326 2404 1367 2460 ut

294 2505 360 2565 iam
380 2504 572 2585 supradixi,
595 2505 678 2567 male
697 2506 896 2569 intellexisse
911 2505 1199 2588 Harpocrationem
1218 2504 1366 2566 arbitror.

294 2609 378 2689 Alia,
402 2629 484 2691 quae
499 2608 623 2674 Bakius
647 2611 688 2673 ad
705 2611 939 2675 defendendam
964 2632 1055 2674 suam
1076 2613 1268 2675 sententiam
1291 2630 1368 2693 pro-

294 2715 378 2797 tulit,
401 2715 479 2777 haec
503 2723 592 2779 sunt:
632 2723 696 2779 tam
725 2718 874 2781 odiosum
898 2723 1092 2801 esselputat,
1125 2719 1299 2801 pecuniam
1324 2717 1368 2779 ab

295 2822 460 2905 equitibus
495 2824 663 2887 anarchiae
700 2832 852 2908 repetere,
888 2830 942 2906 „ut
975 2826 1142 2887 restitutae
1174 2824 1371 2887 concordiae

294 2928 500 2991 vehementer
523 2930 778 2996 adversaretur.“
827 2930 908 2995 Oum
937 2934 1022 2995 enim
1055 2932 1156 2994 maior
1178 2950 1252 3012 pars
1274 2930 1373 2991 locu-

294 3034 466 3114 pleti0rum
498 3035 553 3097 illc
587 3042 727 3120 tempore
760 3039 811 3101 vel
844 3040 991 3120 periisset
1018 3039 1070 3100 vel
1102 3036 1183 3101 urbe
1206 3037 1374 3117 cessisset,

296 3140 514 3220 trigintaviros
545 3162 698 3223 magnum
727 3163 901 3207 numerum
931 3146 1117 3208 tenuiorum
1151 3145 1186 3205 in
1214 3144 1374 3226 equibum

297 3244 479 3336 catalogum
514 3246 632 3310 referre
667 3254 792 3311 coactos
829 3269 912 3330 esse,
952 3251 1071 3333 quibus
1110 3250 1281 3335 pecuniam
1326 3268 1376 3311 ex

297 3351 418 3413 aerario
450 3354 692 3433 praestitissent.
746 3354 873 3430 Quibus
907 3360 1106 3439 argumentis
1138 3358 1303 3441 Sauppius
1335 3360 1378 3420 in

295 3456 452 3540 Philologi
478 3458 642 3523 volumine
659 3458 722 3521 XV
744 3461 822 3524 haec
844 3462 910 3525 fere
927 3465 1087 3545 opposuit:
1111 3454 1252 3548 primum
1277 3466 1378 3547 quod

296 3564 337 3627 ad
372 3566 551 3627 restitutam
587 3567 788 3630 concordiam
825 3570 951 3650 attinet,
986 3571 1055 3653 ipse
1100 3574 1382 3635 commemoravit

296 3669 421 3734 Balrius
445 3671 609 3751 syndicos‚
636 3672 758 3757 quibus
783 3695 866 3757 quac
889 3678 1012 3761 singuli
1036 3680 1123 3743 cives
1146 3682 1193 3744 rei
1217 3681 1382 3764 publicae

297 3776 468 3858 debebant,
499 3785 642 3861 repetere
676 3779 817 3844 officium
851 3788 926 3846 erat.
982 3782 1109 3849 Deinde
1141 3788 1168 3849 si
1201 3787 1385 3870 singulare

403 3950 430 4019 1)
448 3950 579 4006 Mnemos
598 3953 665 4007 VIII
685 3972 711 4023 p.
732 3955 784 4009 219
802 3972 837 4006 =
855 3956 943 4016 Schol,
963 3960 1028 4028 hyp.
1047 3960 1073 4011 V
1091 3979 1117 4029 p.
1139 3961 1198 4017 140.

403 4039 431 4105 2)
449 4038 568 4093 Histoire
597 4042 629 4095 de
653 4041 681 4096 la
704 4041 855 4113 legislation
874 4048 927 4101 VII
945 4065 971 4115 p.
991 4048 1056 4102 292:
1093 4049 1131 4103 Le
1158 4047 1245 4104 trecor
1273 4050 1388 4117 public

295 4125 453 4180 fournissait
480 4144 534 4181 aux
562 4130 693 4185 cavaliers
722 4134 755 4186 de
782 4134 846 4202 quoi
874 4136 949 4190 avoir
976 4140 1003 4190 et
1029 4139 1180 4193 barnacher
1197 4156 1235 4192 un
1253 4140 1387 4207 cheva13

295 4214 363 4270 mais
383 4217 472 4284 quand
494 4216 528 4270 ils
548 4218 690 4287 quittaicnt
708 4219 733 4275 le
752 4222 864 4290 service,
886 4224 919 4278 ils
937 4242 972 4279 en
990 4227 1160 4283 restituaient
1177 4228 1202 4282 le
1221 4229 1294 4296 prix.
