2967 4917
7 4054 21 4193 i

658 448 700 509 23

147 656 210 719 quo
235 640 457 721 spectaverint,
481 639 558 702 satis
582 655 694 700 eruere
716 655 781 699 non
805 656 987 719 possumus.
1034 636 1097 701 Sed
1121 639 1211 722 quod

145 740 307 808 Gilbertus
336 743 536 825 contendit,¹)
584 744 678 807 etiam
718 743 864 825 singulos
903 745 1029 826 equites
1065 744 1210 828 probare,

145 849 326 932 hipparchis
350 850 490 915 officium
514 851 623 930 fuisse,
646 848 706 911 hoc
721 850 920 931 argumentis
936 851 1068 913 omnino
1092 868 1209 931 carere,

145 959 259 1019 contra
289 957 347 1020 has
375 957 580 1042 probationes
609 952 767 1018 nonnisi
793 974 893 1039 penes
920 961 1071 1019 senatum
1097 956 1210 1039 fuisse,

143 1060 228 1123 infra
260 1063 339 1125 mihi
369 1065 405 1126 in
436 1062 578 1125 medium
611 1061 837 1145 proferendum
871 1064 938 1125 erit.
984 1060 1134 1145 Denique
1166 1082 1209 1126 ex

143 1166 318 1249 Hyperidis
349 1170 419 1233 loco
449 1169 544 1232 modo
575 1169 669 1231 allato
693 1167 834 1231 eundem
856 1169 1019 1232 hominem
1043 1188 1101 1252 per
1122 1188 1209 1231 eom-

143 1272 254 1355 plures
283 1294 384 1339 annos
413 1275 579 1358 hipparchi
608 1293 741 1338 munere
769 1274 920 1359 perfungi
948 1278 1092 1358 potuisse
1120 1276 1209 1339 vide-

143 1399 227 1443 mus.
273 1379 468 1463 Hipparchis
500 1382 601 1464 igitur
631 1380 772 1444 officium
802 1390 879 1457 erat,
911 1384 1036 1464 equites
1070 1382 1209 1466 deligere

143 1490 242 1568 atque
270 1488 555 1551 exercitationibus
588 1488 795 1571 equestribus
822 1506 978 1571 praeesse,
1014 1507 1098 1571 quae
1131 1507 1209 1571 quo-

141 1592 240 1655 modo
265 1595 382 1676 optime
405 1593 494 1675 fiant,
517 1594 701 1677 Xenophon
728 1594 785 1657 illo
807 1594 888 1658 libro
913 1596 1085 1672 enarravit,
1110 1614 1206 1677 quem

142 1698 186 1761 ad
209 1698 448 1763 informandum
482 1702 672 1782 magistrum
700 1702 849 1783 equitum
876 1703 1013 1785 scripsit,
1045 1702 1100 1764 cui
1126 1701 1209 1764 libro

141 1824 263 1869 nomen
286 1810 334 1870 est
354 1798 577 1893 Ἱππαρχικός.
624 1805 686 1869 Sed
710 1827 785 1870 cum
809 1808 889 1871 haec
912 1807 1091 1871 difficiliora
1111 1827 1209 1891 quam

139 1931 201 1995 pro
225 1912 312 1976 hisce
335 1912 461 1976 duobus
484 1912 670 1976 hominihus
687 1914 876 1977 viderentur
898 1933 969 1978 esse
991 1916 1038 1978 rei
1061 1913 1209 1997 publicae

141 2019 406 2100 Atheniensium,
429 2018 593 2082 adiutores
616 2021 657 2083 iis
681 2020 747 2083 dati
771 2025 848 2084 sunt
871 2021 980 2085 decem
1004 2016 1208 2104 phylarchi,2)

142 2127 203 2208 qui
227 2128 373 2189 centenis
395 2132 565 2208 praeerant
589 2126 754 2208 equitibus
777 2145 794 2190 e
818 2128 955 2209 singulis
983 2126 1133 2190 tribubus
1156 2126 1209 2188 de

139 2232 244 2295 lectis.
290 2232 464 2311 Phylarchi
497 2234 591 2295 etiam
621 2252 639 2297 e
667 2234 804 2317 singulis
832 2232 983 2297 tribubus
1014 2235 1111 2297 creati
1139 2250 1210 2296 esse

140 2338 307 2419 videntur,
342 2340 369 2401 si
392 2338 473 2402 fides
497 2339 680 2403 adhibenda
703 2346 753 2403 est
775 2340 911 2416 Polluci,
945 2341 1001 2423 qui
1025 2338 1126 2420 (VIII,
1152 2337 1208 2422 94)

141 2440 177 2510 ολ
202 2444 238 2509 δὲ
261 2441 419 2532 φύλαρχοι
444 2442 531 2525 δέκα,
555 2448 669 2530 inquit,
695 2436 744 2524 εἷς
766 2439 837 2511 ἀπὸ
860 2446 962 2535 φυλῆς
980 2440 1126 2534 ἑκάστης,
1144 2444 1210 2508 τῶν

142 2548 281 2616 ἱππέων
292 2551 523 2638 προΐστανται,
540 2549 698 2639 καθάπερ
715 2548 746 2617 ολ
764 2549 934 2639 ταξίαρχοι
946 2554 1013 2617 τῶν
1025 2542 1209 2629 ὃπλιτῶν.3)

138 2657 270 2721 Titulus
298 2659 486 2741 sepulcraHs
514 2659 561 2743 (O.
585 2659 609 2722 I.
634 2661 672 2723 A.
696 2659 721 2742 I,
745 2661 831 2741 447),
858 2662 891 2722 in
921 2679 986 2743 quo
1013 2661 1098 2722 inter
1124 2675 1209 2719 mor·

138 2770 219 2829 tuos
243 2771 513 2830 commemoratur
539 2768 634 2829 etiam
662 2767 859 2849 phylarchus
883 2767 1024 2849 quidam,
1059 2764 1098 2827 ad
1126 2762 1210 2825 hauc

140 2872 366 2953 quaestionem
390 2873 577 2936 solvendam
601 2872 682 2934 nihil
705 2869 873 2953 adiuvate)
919 2871 964 2934 Ut
986 2869 1151 2954 hipparchi
1173 2868 1208 2929 in

251 3031 277 3100 1)
297 3029 402 3085 Handb.
422 3030 447 3082 d.
467 3030 567 3101 grisoli,
588 3028 776 3083 Staatsalterth
802 3030 824 3096 I,
844 3047 869 3098 p.
888 3031 950 3085 307.

252 3119 279 3187 λ)
298 3118 367 3172 Xen.
381 3118 529 3186 Hipparch.
539 3117 561 3185 I,
574 3118 599 3173 8.
625 3124 680 3172 ἐπεὶ
698 3116 726 3170 δὲ
744 3125 786 3171 καὶ
804 3113 820 3185 ἡ
839 3115 911 3174 πόλις
926 3116 1042 3185 χαλεπὸν
1057 3110 1208 3187 ἡγησαμένη

138 3208 229 3263 ταῦτα
241 3204 331 3261 πάντα
343 3206 392 3260 τὸν
404 3209 536 3277 ἵππαρχον
547 3204 634 3275 μόνον
648 3204 714 3260 ὄντα
732 3205 941 3279 κατεργάζεσδαι,
959 3212 1143 3278 προσαιρεῖται
1159 3207 1209 3272 μὲν

138 3288 220 3363 adrui
238 3295 377 3367 συνεργοὺς
395 3293 547 3367 φυλάρχους.

251 3385 279 3453 3)
298 3384 435 3454 Strategos
453 3384 481 3446 ἐξ
498 3374 628 3437 ἀπάντων
646 3389 749 3439 creatos
767 3401 826 3439 esse
843 3385 955 3439 tradidit
966 3384 1066 3439 Pollux
1080 3384 1155 3452 VIII,
1164 3385 1208 3451 87,

139 3473 190 3529 cui
207 3476 306 3540 tamen,
326 3474 398 3541 quod
416 3472 579 3526 Plutarchus
603 3473 662 3540 (vit.
682 3474 802 3527 Cimonis
820 3474 898 3541 Vm)
921 3475 1050 3542 humavit,
1074 3489 1208 3541 opponen-

138 3564 209 3617 dum
229 3563 283 3615 est:
309 3557 344 3617 ais
368 3559 396 3613 δὲ
415 3568 509 3617 Κίμων
532 3561 673 3629 μετὰτῶν
690 3559 883 3633 συστρατήγων
906 3561 1051 3632 προελθών
1069 3602 1209 3619 ......

137 3643 193 3707 avia
210 3642 311 3723 ἀφῆκεν
334 3640 431 3704 devoir
449 3641 579 3703 ἀπελθεῖν
597 3640 650 3701 ἀλλ’
670 3644 788 3720 ὁρκώσας
805 3641 935 3722 ἠνάγκασε
953 3652 1065 3703 audibat
1082 3656 1125 3703 καὶ
1149 3656 1207 3720 κρῖ-

137 3762 189 3796 ναι
212 3738 275 3792 δέκα
298 3736 385 3803 ὄντας,
405 3728 459 3792 ἀπὸ
483 3736 564 3809 φυλῆς
585 3736 645 3806 μιᾶς
668 3744 790 3796 ἕκαστον.
811 3768 842 3778 -
863 3740 933 3792 Vide
951 3738 984 3792 de
1002 3739 1053 3792 hae
1071 3754 1114 3791 re:
1138 3738 1209 3791 Her·

136 3846 236 3899 mann,
263 3826 370 3886 Gricch.
398 3826 711 3898 Staatsalt.§152not.
736 3828 761 3883 3.
790 3858 824 3866 —
851 3827 982 3882 Kabioki:
1012 3826 1053 3880 De
1076 3842 1147 3896 mag.
1172 3826 1211 3894 X,

135 3919 253 3986 stratcg.
272 3932 288 3969 a
307 3915 442 3971 (listhene
464 3918 547 3971 instit.
570 3934 597 3985 p.
617 3918 651 3972 38
678 3932 735 3985 sqq.
760 3947 794 3955 -
819 3916 851 3972 R.
874 3916 992 3982 Fischer,
1015 3914 1209 3981 Quaestionum

138 4009 179 4062 de
195 4008 310 4075 praetor.
330 3994 375 4058 att.
395 4006 421 4058 V
439 4008 466 4059 et
483 4006 531 4074 IV,
551 4007 649 4061 saecul.
669 4022 692 4066 a.
712 4006 761 4061 uh.
779 4022 805 4058 n.
825 4021 895 4073 spec.
915 4023 941 4074 p.
960 4006 1002 4059 17.

252 4093 281 4162 4)
306 4092 334 4148 C.
357 4094 381 4147 J.
401 4096 433 4148 A.
458 4095 480 4161 I,
502 4096 564 4149 433.
592 4114 621 4141 =
651 4094 679 4147 C.
698 4094 723 4149 J.
743 4094 774 4150 G.
799 4093 821 4161 I,
842 4094 893 4152 165
920 4092 1090 4147 exstantibus
1108 4091 1207 4145 litteris

139 4192 174 4239 Φ
198 4225 205 4238 .
230 4225 236 4239 .
348 4188 428 4237 XO}
454 4199 513 4237 cum
543 4182 709 4236 Kirchholiio
730 4180 859 4253 Φρύνιχος
884 4181 1027 4251 legendum
1059 4180 1123 4247 crit,
1153 4195 1208 4233 non

132 4269 277 4350 φύλαρχος.
