2967 4917
630 434 670 496 15

115 619 185 691 ἀντ’
209 615 316 688 αὐτῶν
331 619 434 709 ἕτεροι
450 617 657 688 καθίσταντο
673 641 680 656 ·
697 613 846 710 ἀπῄτουν
861 620 897 686 δὲ
912 613 991 687 αύτδ
1014 617 1044 687 οἳ
1062 618 1181 711 φύλαρ·

114 755 176 814 χοι.
201 769 243 778 -—
267 729 412 794 Idemet
433 729 550 794 iisdem
573 730 639 793 fere
662 728 770 793 verbis
793 730 913 792 omisso
935 727 1103 813 Eupolidis
1125 721 1180 793 co·

114 837 261 902 moadiae
296 837 435 918 nomine,
481 835 615 902 Platone
650 837 782 899 omnino
816 854 884 898 non
927 840 1182 926 commemorato,

113 943 251 1008 Photius
274 944 308 1006 in
332 941 466 1026 lexicol)
500 949 531 1008 et
558 943 675 1008 Suidas
699 962 723 1006 s.
747 962 777 1006 v,
802 937 1008 1018 κατάστασις
1029 961 1181 1006 narrare-

113 1056 201 1117 runt.
227 1087 269 1098 -
293 1049 513 1134 Harpocratio,
537 1069 620 1134 quae
643 1048 773 1112 tradidit
795 1047 835 1111 do
858 1049 1005 1111 catastasi
1029 1047 1182 1130 eLysiae

114 1159 259 1221 oratione
290 1177 348 1239 pro
381 1156 558 1220 Mantitheo
592 1155 702 1220 habita
725 1153 845 1235 didicit,
880 1173 978 1237 quam
1006 1159 1114 1220 tamen
1140 1175 1183 1221 ne

113 1264 200 1328 male
221 1263 418 1328 intellexerit
433 1283 553 1328 vereor.
598 1261 663 1326 Res
684 1263 772 1325 enim
790 1260 868 1324 haec
886 1265 948 1324 est:
973 1259 1183 1345 Mantitheua,

113 1389 192 1434 oum
216 1375 301 1434 sorte
324 1370 358 1431 in
382 1374 529 1450 senatum
556 1373 684 1433 creatus
712 1374 807 1450 esset,
828 1370 960 1453 triginta
982 1369 1060 1431 viris
1082 1369 1183 1453 impe·

112 1478 202 1539 rium
225 1474 409 1540 tenentibus
433 1495 532 1559 eques
555 1476 716 1560 stipendia
737 1475 853 1540 fecisse
880 1480 1060 1556 accusatae,
1096 1476 1184 1559 quod

112 1601 310 1666 magnopere
344 1583 487 1646 invisum
522 1589 590 1647 erat
613 1580 904 1664 Atheniensibus,2)
935 1583 986 1647 his
1016 1581 1125 1646 verbis
1149 1601 1184 1646 se
1230 1597 1235 1606 ·

114 1687 260 1763 defendit
284 1689 313 1770 (ξ
332 1688 381 1770 6);
414 1679 557 1754 ’Έπειτα
585 1688 621 1755 δὲ
651 1687 687 1755 ἐκ
714 1691 771 1754 τοῦ
799 1683 948 1753 σανιδίου
972 1684 1046 1766 τοὺς
1065 1683 1184 1754 ίππεύ·

113 1815 239 1870 σαντας
261 1798 400 1860 σκοπεῖν
423 1788 537 1883 εύηδές
559 1794 651 1860 ε’στιν
674 1815 681 1829 ·
705 1793 739 1860 ἐν
763 1791 867 1882 ταύτην
894 1791 955 1881 γάρ
983 1792 1102 1860 πολλοί
1124 1793 1186 1879 μὲν

114 1901 184 1964 τῶν
219 1892 458 1986 ὁμολογούντων
493 1898 648 1968 ἱππεύειν
683 1894 740 1968 ούκ
773 1898 901 1982 ἔνεισιν,
937 1897 1019 1968 ἔνιοι
1055 1901 1091 1967 δὲ
1118 1904 1185 1968 τῶν

115 1999 377 2093 ἀποδημούντων
392 2005 639 2095 ἐγγεγραμμένοι
655 2005 749 2074 εἰσίν.
771 2001 911 2085 Ἐκεῖνος
927 2005 1048 2073 δ’ἐστὶν
1058 2003 1185 2094 ἐλεγχος

113 2109 300 2197 μέγιστος·
325 2110 441 2202 ἐπειδη
465 2111 526 2202 γὰρ
548 2112 739 2205 κατήλθετε,
774 2111 994 2204 ἐψηφίσασθε
1019 2109 1092 2192 τοὺς
1122 2140 1186 2204 φυ-

113 2214 252 2304 λάρχους
275 2211 464 2306 ἀπενεγκεῖν
487 2217 560 2299 τοὺς
584 2218 821 2301 ἱππεύσαντας,
853 2223 909 2286 ίνα
931 2217 991 2299 τὰς
1014 2218 1184 2286 καταστά-

115 2348 187 2404 σεις
224 2319 432 2415 ἀναπράξητε
470 2329 550 2416 παρ’
589 2321 703 2394 αὐτῶν.
764 2321 839 2412 Ἐμὲ
873 2325 980 2393 τοίνυν
1012 2321 1117 2406 ούδείς
1143 2321 1185 2392 ἀν

116 2425 324 2514 ἀποδείξειεν
358 2425 423 2499 ούτ’
459 2427 683 2516 ἀπενεχθέντα
715 2429 782 2500 Ιίπδ
816 2437 882 2499 τῶν
908 2431 1081 2522 ιγνλάρχων
1113 2425 1185 2499 odae

116 2537 356 2624 παραδοθέντα
392 2546 462 2619 τοῖς
494 2539 658 2620 συνδίκοις
693 2533 764 2608 ούτε
798 2537 1004 2606 κατάστασιν
1037 2546 1186 2624 καταβα-

115 2642 226 2710 λόντα.
249 2645 353 2710 Reddi
368 2651 549 2731 pecuniam,
567 2668 650 2732 quae
666 2645 872 2727 κατάστασις
893 2648 1122 2732 appellabatur,
1145 2648 1184 2711 ab

115 2754 169 2832 iis,
193 2754 249 2834 qui
273 2753 333 2816 sub
358 2757 569 2837 trigintaviris
597 2758 721 2839 equites
746 2757 893 2836 luissent,
923 2756 1043 2838 populo
1065 2756 1187 2838 placuit

117 2865 150 2920 ot
173 2865 342 2942 propterea
376 2862 544 2944 phylarchi
566 2882 584 2925 e
607 2883 667 2926 sua
692 2865 815 2946 quique
838 2863 926 2926 tribu
948 2855 1185 2945 indices'equi-

116 2972 191 3028 tum
225 2966 355 3029 illorum
394 2987 507 3032 curare
540 2971 622 3032 iussi
657 2975 752 3049 sunt,
795 2989 870 3033 cum
907 2969 1186 3052 trigintarirorum

115 3067 295 3156 κατάλογον
330 3073 402 3136 falsi
436 3072 578 3159 asserite)
632 3075 748 3160 Neque
782 3079 817 3138 in
844 3076 908 3138 illis
934 3076 1187 3159 phylarchorum

116 3177 281 3242 indicibus
305 3199 423 3243 nomen
446 3200 542 3244 suum
566 3185 739 3265 exstitisse,
762 3202 868 3266 neque
892 3183 1045 3264 syndicis,
1069 3185 1125 3266 qui
1147 3183 1186 3247 de

117 3285 215 3347 bouis
238 3285 410 3367 publicatis
433 3288 668 3372 iudicaverunt,
703 3311 736 3354 se
761 3291 925 3371 traditum,
959 3308 1066 3372 neque
1086 3284 1186 3353 κατά-

117 3411 240 3454 στασιν
263 3393 441 3457 roddidisse
468 3395 635 3478 profitetur
658 3397 867 3479 Mantitheus,
900 3402 937 3459 ut
960 3415 1129 3478 nunquam
1152 3414 1187 3458 se

118 3500 283 3580 equitasse
307 3495 460 3564 ostendet.
506 3501 586 3566 Dico
610 3504 807 3586 „reddidisse
830 3503 1035 3581 catastasin“;
1060 3501 1187 3564 namin

118 3605 231 3670 codice
250 3607 335 3689 apud
351 3605 484 3688 Lysiam
499 3610 617 3692 legitur
633 3600 703 3674 ούτε
723 3606 927 3674 κατάστασιν
943 3603 1188 3694 παραλαβόντα,

118 3711 243 3794 quibus
278 3714 313 3775 in
335 3713 444 3778 verbis
478 3724 562 3779 recte
586 3717 717 3781 offendit
749 3713 902 3800 Balius4)
942 3715 1068 3798 „Quum
1088 3716 1190 3796 enim,

128 3967 130 3973 y
229 3907 255 3975 1)
276 3906 327 3960 Hic
345 3908 420 3962 locus
440 3909 515 3962 deest
533 3909 563 3963 iu
580 3909 682 3964 Naberi
701 3911 826 3966 editione.

229 3997 256 4060 2)
275 3994 345 4053 Xen.
366 3997 436 4052 Hell.
456 3998 504 4064 ΙΠ,
525 4001 548 4060 1,
558 4002 583 4054 4.
609 4001 636 4052 οἱ
652 3997 675 4051 δ’
694 4008 818 4070 ἔπεμψαν
836 3999 893 4053 τῶν
910 4004 952 4051 ἐπὶ
970 3998 1027 4051 τῶν
1045 3994 1189 4067 τριάκοντα

117 4081 315 4144 ἱππευσάντων,
337 4089 489 4154 νομιζοντες
500 4085 589 4157 κέρδος
600 4089 642 4154 τῷ
654 4085 729 4157 δήμῳ
742 4092 764 4140 εἰ
774 4081 940 4157 ἀποδημοῖεν
955 4093 998 4139 καὶ
1006 4083 1190 4141 ἐναπόλοιντο.

229 4173 257 4239 3)
277 4172 347 4225 Vide
365 4172 532 4240 Frohberger
550 4177 598 4231 Ed.
618 4177 682 4246 Lys.
700 4177 751 4244 ΙΙΙ,
770 4194 796 4245 p.
815 4177 831 4230 2

228 4261 256 4331 4)
274 4259 404 4316 Mnemos
423 4263 498 4331 VIH,
517 4281 543 4332 p.
563 4267 615 4322 223
636 4288 663 4314 =
685 4261 774 4321 Schol
792 4267 857 4335 hyp.
876 4267 909 4336 V,
928 4282 953 4334 p.
974 4268 1033 4323 147.
