2967 4917
623 438 664 499 35

100 628 202 709 signa
235 626 270 687 in
305 624 373 687 foro
409 625 481 699 sint,
517 625 573 687 illa
602 628 726 707 equites
750 648 769 690 a
791 625 1040 692 Mercurialibus
1063 627 1171 690 exorsi

99 733 282 796 statuis'iu
305 731 459 794 honorem
475 731 608 795 deorum
625 734 900 817 circumequitent.
948 733 1013 797 Ubi
1033 733 1171 796 circum·

98 838 191 902 vecti
214 857 329 901 rursus
353 838 393 901 ad
418 837 620 901 Mercurialis
643 840 864 922 pervenerint·
879 846 950 903 tum
974 840 1002 902 si
1024 836 1172 902 tributim

99 945 245 1008 celerIus
278 945 355 1026 equi
387 964 493 1027 usque
528 944 569 1006 ad
603 943 809 1009 Eleusinium
838 948 1023 1025 incitentur,
1060 943 1171 1007 Xeno-

98 1051 218 1133 phonti
240 1051 548 1133 pulcrumrvidetur.
593 1050 727 1135 Equites
750 1053 854 1135 ipsius
869 1070 1004 1135 pompa-e
1019 1051 1171 1134 panathe-

98 1157 272 1220 thenaicae
304 1176 370 1219 non
401 1158 557 1240 cogitasse
588 1156 846 1241 Xenophontem,
886 1160 924 1221 A.
949 1156 1171 1220 Mommsenus

101 1263 272 1326 existimat
306 1262 525 1346 (Heortologie
552 1284 581 1347 p.
612 1264 700 1341 191¹,
729 1282 805 1327 cum
839 1265 909 1328 sine
944 1263 1043 1356 dnbio
1081 1264 1171 1327 tarde

99 1388 222 1454 pompa
251 1370 308 1432 illa
341 1388 375 1433 se
410 1371 554 1451 moverit,
588 1371 644 1433 sed
680 1372 765 1432 viam
788 1351 978 1461 pomparum
1002 1370 1170 1433 ostendere

100 1474 364 1559 Xenophontem.
411 1476 493 1539 Mihi
521 1481 627 1539 tamen
653 1496 704 1541 res
739 1479 797 1539 iba·
817 1496 851 1540 se
884 1475 1003 1539 babere'
1029 1476 1168 1551 videtur,

100 1587 139 1644 ut
165 1582 194 1645 si
217 1583 302 1645 viam
326 1601 558 1665 cognoscamus
591 1603 633 1647 ex
647 1584 716 1647 -hoc
739 1584 810 1646 loco
834 1581 1076 1673 Xenophonteo,
1100 1583 1169 1664 ipse

99 1686 288 1771 Xenophon
323 1708 451 1771 quoque
483 1705 616 1772 pompas
646 1690 717 1753 illas
749 1689 996 1772 panathenaicas
1031 1689 1170 1770 cogitare

101 1794 265 1873 debuerit3
302 1813 408 1877 neque
440 1796 524 1857 enim
559 1798 654 1859 citius
683 1815 717 1860 se
741 1798 882 1859 movisse
909 1778 1034 1878 equites
1057 1793 1168 1857 Xeno-

99 1902 190 1983 phon
214 1902 266 1983 ait,
290 1901 345 1965 sed
368 1901 518 1983 pulcrum
542 1901 604 1964 sibi
634 1902 747 1982 videri,
778 1904 805 1965 si
833 1901 1093 1982 celerius-equos
1117 1902 1167 1962 in-

99 2007 280 2072 tenderent.
315 2043 358 2052 —
391 2005 516 2082 Quibus
547 2010 583 2071 in
605 2010 730 2092 pompis
765 2010 924 2091 quomodo
955 2012 1072 2092 optime
1096 2028 1169 2072 ver-

99 2118 254 2177 sarentur
277 2114 411 2196 equites,
436 2114 645 2195 sequentibus
668 2115 745 2178 iude
767 2114 875 2179 verbis
898 2114 1080 2199 Xenophon
1095 2137 1167 2199 pro-

98 2220 234 2282 tulitin
259 2219 401 2283 medium
432 2239 469 2282 ac
492 2221 532 2283 de
566 2222 658 2303 equis
693 2221 734 2284 ad
766 2203 847 2285 talos
880 2217 1167 2305 pompas'idoneis

98 2327 210 2389 fusius
245 2327 400 2390 disseruit
430 2326 514 2403 iibri,
540 2328 597 2410 qui
624 2327 814 2421 inscribitur
836 2325 914 2412 περὶ
940 2325 1091 2418 ἱππικῆς,
1115 2350 1167 2393 ou-

98 2433 166 2515 pite
189 2431 248 2496 XI.
468 2518 471 2523 ¹

193 2537 304 2601 Cetera
327 2540 519 2631 scriptorum
542 2547 688 2604 veterum
711 2542 904 2623 testimonia,
927 2562 1011 2625 quae
1033 2544 1099 2606 iam
1124 2562 1167 2607 ex

98 2650 191 2728 parto
215 2644 381 2709 Michaelis
406 2647 543 2710 contuht
567 2650 648 2731 (pag.
667 2647 755 2733 331),
777 2648 837 2710 hoc
860 2648 929 2711 loco
951 2647 1063 2713 afferre
1085 2651 1167 2713 mihi

98 2752 210 2815 liceat:
288 2738 291 2744 ¹

209 2856 373 2923 Demosth.
404 2858 461 2937 IV,
492 2859 547 2922 26:
592 2851 658 2925 Oba
685 2856 913 2946 ἐχειροτονεῖτε
945 2859 982 2925 δὲ
1013 2859 1049 2941 ἐξ
1076 2853 1166 2944 ὑμῶν

101 2956 209 3028 αῖιτιιῖν
242 2963 320 3030 δέκα
358 2962 548 3052 ταξιάρχους
582 2964 650 3092 ιιρεὶΙ
675 2960 872 3054 στρατηγοὺς
897 2962 956 3030 καῖ
986 2964 1165 3093 φυλάρχους

99 3067 157 3135 καὶ
195 3067 383 3165 ιππάρχοας
414 3070 484 3152 δάος
515 3068 549 3137 τί
583 3098 637 3138 ουν
671 3096 760 3137 ουτοι
788 3073 956 3153 ποιοῖσιν,·
987 3070 1109 3163 πλὴν
1096 3071 1166 3153 subg

100 3170 224 3262 ἀνδρὸς,
257 3170 294 3244 ὃν
324 3170 364 3243 iio
398 3176 640 3267 ἐκπέμψητε
625 3162 683 3243 επὶ
712 3174 769 3244 τὸν
795 3174 947 3260 πόλεμον,
988 3204 1018 3245 οι
1048 3180 1164 3247 λοιποι

101 3276 160 3361 τὰς
182 3280 325 3367 πομπὰς
348 3282 539 3369 πέμπουσιν
561 3278 637 3369 ὑμῖν
658 3280 741 3367 plut&
766 3310 832 3349 ‘MtW
857 3307 1041 3411 Ιὸρθῖξθιίυν

206 3390 370 3455 Demosth
403 3392 497 3471 XXI,
532 3393 611 3477 171,
653 3385 765 3475 Υμεῖς
787 3380 908 3477 χοῖροι
936 3381 1165 3481 &viengias-iq-

102 3499 197 3579 ναῖοι,
215 3495 487 3588 ’,ἐχειροτονήσατε
515 3502 628 3568 τοῦτον
655 3501 713 3587 τῆς
734 3494 890 3582 Παράλου
922 3494 1053 3581 ταμίαν,
1084 3488 1164 3564 burc

102 3606 247 3669 τοιοῦτον
282 3595 351 3682 stig
382 3603 453 3670 εστι
486 3603 543 3671 καὶ
575 3602 726 3669 rroiiw‘
711 3628 883 3690 ιππαρχον
911 3596 1069 3685 ὀχεῖσθαι
1104 3602 1162 3670 διὰ

102 3734 157 3817 της
178 3710 300 3798 α’χορᾶς
322 3716 397 3790 ταῖς
415 3716 572 3795 πομπαῖς
596 3704 631 3777 οὗ
655 3708 837 3795 δυνάμενον.

175 3818 358 3903 Theophr.
383 3818 472 3882 Char.
498 3822 548 3881 21.
664 3816 752 3883 ,καὶ
776 3812 973 3900 πομπείοας
995 3816 1054 3902 [δὲ]
1078 3813 1162 3941 μετὰ

102 3926 164 3989 τῶν
197 3920 330 3989 ιππέιον
353 3951 395 3990 τα
418 3923 477 4008 μὲν
500 3868 639 3989 άλλαῌ
605 3920 729 3989 πάντα
741 3924 853 3989 δοῦναι
881 3924 929 4009 τιιῖ
952 3916 1096 4014 παιδὶ
1077 3921 1161 3990 απε-

102 4034 219 4155 ιεγκεῖν
242 4026 363 4113 οῖκαόε,
388 4024 646 4116 άναβαλλὸμενος
662 4029 697 4106 δὲ
713 4025 922 4112 θοῖμάτιον’
909 4054 943 4094 εν
958 4033 1028 4108 τοῖς
1040 4026 1159 4118 μάωψι
1187 4035 1189 4039 ’

25 4166 27 4191 =
100 4134 181 4202 κατὰ
206 4134 264 4227 τὴν
287 4130 407 4226 άχορὰν
429 4141 636 4224 περιπατεῖν.
693 4188 728 4201 ,.

827 4236 837 4261 )
886 4240 894 4263 Ι

203 4245 392 4310 Athenaeus
424 4246 482 4327 IV,
517 4248 567 4310 64.
618 4246 727 4311 Ταῦτα
759 4243 789 4307 δ’
817 4238 965 4321 αιοοαάς
978 4239 1162 4332 Am'yovog

946 4364 982 4421 3*
