2967 4917
823 425 864 487 32

316 610 382 693 καί,
407 613 561 677 Koertius
581 616 665 677 exist
665 616 751 677 imat.
755 611 782 694 1)
817 611 939 675 Locum
954 613 1152 696 Xenophont
1152 633 1228 677 eum
1248 616 1370 679 remedii

316 741 419 805 egere,
442 719 574 784 Koertio
598 722 803 800 concedo,at
771 725 868 802 atque
883 738 957 783 cum
974 721 1009 781 in
1026 720 1255 803 depertissimis
1271 721 1371 785 Xeno

315 829 444 912 phontis
454 828 543 890 libris
554 828 705 891 sanandis
716 828 825 889 minus
835 826 1017 910 scrupulosi
1027 826 1190 889 interdum
1199 847 1270 891 esse
1280 831 1371 911 possi·

315 955 398 1017 mue,
410 932 1135 1017 quodiamsupravidimus,quodqueomnino
1146 939 1371 1014 constatcum-

315 1062 388 1125 que,
405 1041 492 1124 quod
509 1026 603 1103 etiam
627 1037 782 1103 Koertius
796 1040 830 1101 in
849 1039 991 1102 medium
1007 1040 1148 1122 protulit,
1171 1041 1205 1102 in
1225 1050 1373 1123 sequente

315 1148 517 1231 singulorum
540 1146 682 1209 locorum
709 1147 922 1228 descriptione
946 1144 1074 1208 Phaleri
1096 1165 1161 1208 non
1186 1148 1373 1210 mentionem

317 1254 412 1317 faciat
428 1252 621 1335 Xenophon,
644 1252 745 1315 rerba
763 1252 819 1315 illa
842 1249 898 1315 καὶ
923 1246 965 1314 ιὰ
992 1251 1139 1339 Φαληροῖ
1162 1271 1237 1315 cum
1258 1251 1375 1315 Koertii
1474 1253 1475 1256 ’

315 1360 449 1424 delenda
473 1378 543 1423 esse
567 1358 713 1439 arbitror,
743 1359 929 1441 praesertim
954 1377 1037 1439 cum,
1068 1360 1095 1421 si
1125 1358 1224 1421 verba
1254 1359 1309 1421 illa
1329 1379 1375 1422 re-

313 1468 490 1530 tineremus
514 1465 758 1549 delercnrusque
781 1483 921 1545 sequens
945 1460 1011 1546 καί,
1042 1464 1289 1547 hippodromum
1316 1467 1375 1529 alio
1475 1479 1476 1506 ³

313 1574 383 1636 loco
417 1575 451 1635 in
484 1572 619 1635 Phalero
655 1573 715 1634 sito
753 1577 927 1654 opponeret
960 1571 1157 1655 Xenophon,
1192 1571 1277 1652 quod
1312 1591 1376 1634 non
1475 1587 1476 1590 ’

314 1679 521 1762 cogitandum
553 1684 608 1742 est.
666 1678 781 1761 Itaque
813 1677 961 1761 Sauppio,
994 1681 1051 1761 qui
1085 1679 1217 1742 alteram
1248 1677 1377 1741 Koertio
1475 1669 1476 1684 ³

304 1787 540 1849 correctionem
564 1781 784 1868 praeposuit,2)
817 1786 894 1867 quia
923 1785 1027 1847 lenior
1055 1786 1104 1865 sit,
1137 1782 1290 1847 adsentiri
1313 1804 1377 1846 non
1475 1769 1476 1772 ¹

311 1911 452 1976 possum.
535 1942 538 1949 .
1476 1969 1477 1976 ἵ

419 1996 467 2061 De
490 1999 568 2081 ipsis
591 1996 833 2061 incensionibus
856 1995 1038 2080 Xenophon
1064 1995 1240 2081 (Hipparch
1264 1997 1323 2079 III,
1347 2000 1378 2075 9)

310 2102 344 2169 d'r
372 2127 406 2190 γε
428 2102 488 2186 μὲν
518 2107 591 2180 ταῖς1
615 2098 837 2185 δοκιμασίαις,
861 2104 977 2186 inquit,
1002 2095 1022 2191 ἡ
1043 2101 1103 2185 μὲν
1125 2100 1218 2184 τάξις
1240 2099 1378 2192 εἷ’ρητοιι,

309 2212 387 2293 μεθ’
412 2200 449 2299 ἧς
465 2205 505 2275 dv
527 2207 687 2275 κάλλιστα
705 2204 917 2289 {andletnan
952 2210 1032 2273 Cum
1050 2210 1089 2273 de
1105 2210 1216 2275 ordine
1240 2211 1380 2299 δοκιμα-

312 2320 395 2382 οιιῦν
417 2338 581 2401 nusquam
612 2324 706 2381 antea
729 2318 914 2401 Xenophon
947 2318 1015 2399 ipse
1052 2318 1182 2380 locutus
1216 2320 1266 2400 sit,
1299 2321 1379 2384 haec

310 2424 408 2488 verba
442 2425 487 2487 ita
518 2416 598 2488 mihi
632 2425 842 2508 intelligenda
874 2443 945 2487 asse
967 2424 1127 2504 videntur,
1161 2429 1197 2487 ut
1231 2427 1378 2491 ordinem

309 2532 400 2594 illum
425 2532 496 2613 lege
519 2532 733 2595 constitutum
759 2550 838 2611 esse,
860 2529 1045 2613 Xenophon
1070 2529 1162 2593 dicat.
1208 2530 1380 2615 Sequenti-

311 2638 373 2701 bus
396 2637 505 2701 verbis
529 2638 696 2701 intellectu
721 2658 787 2700 non
809 2638 855 2699 ita
877 2636 1039 2699 facillimis
1064 2634 1256 2720 Xenophon,
1279 2660 1380 2722 quem

310 2745 440 2807 modum
467 2746 584 2827 optime
606 2744 802 2827 hipparchus
825 2748 988 2827 sequatur,
1010 2744 1044 2803 in
1060 2742 1203 2806 medium
1218 2745 1381 2831 profert,3)

312 2870 375 2933 quo
411 2856 520 2913 tamen
544 2852 613 2913 loco
637 2870 700 2915 non
728 2854 897 2935 praecepta
919 2850 989 2933 loge
1013 2851 1186 2914 constituta
1219 2870 1383 2936 enarrare,

310 2957 365 3021 sed
390 2977 450 3020 sua
473 2959 575 3040 ipsius
599 2960 761 3041 proposita
777 2956 1002 3020 commendare
1017 2957 1097 3019 mihi
1113 2958 1250 3021 videtur.
1274 2956 1381 3041 Equi-

309 3069 378 3127 tum
401 3069 526 3127 turmae
550 3084 657 3128 coram
681 3070 796 3127 senatu
830 3084 867 3128 eo
901 3064 1012 3126 ordine
1036 3064 1154 3145 optime
1178 3083 1387 3148 semovere,

308 3172 354 3233 ait
376 3168 568 3253 Xenophon,
602 3178 640 3234 ut
670 3177 735 3234 toto
769 3171 881 3235 ordine
912 3171 1022 3233 curvis
1054 3169 1148 3233 lineis
1175 3171 1228 3233 vel
1255 3174 1384 3237 circulo

309 3277 448 3360 quodam
484 3278 704 3360 proficiscente
738 3278 778 3359 ei,
811 3278 867 3360 qni
901 3278 1060 3340 exteriore
1094 3296 1193 3341 versu
1230 3278 1386 3342 collocati

307 3443 423 3450 -—---..-
426 3443 519 3449 §0—--q—

416 3545 442 3613 1)
462 3546 491 3601 h.
510 3544 528 3597 l.
547 3560 572 3611 p.
595 3544 654 3599 177.
691 3541 771 3595 Errat
787 3540 927 3609 Sanppius,
952 3557 1014 3594 oum
1033 3540 1128 3610 (Goett
1149 3540 1199 3608 gel.
1218 3543 1286 3596 Ana.
1306 3540 1386 3596 1881

306 3652 332 3703 p.
357 3633 437 3704 1486)
464 3633 605 3687 Koertium
630 3632 714 3685 verba
740 3638 781 3683 και
804 3630 839 3683 τὰ
864 3638 895 3683 ια
920 3630 961 3696 τῷ
984 3627 1143 3699 ἱπποδρόμῳ
1176 3628 1266 3682 delere
1302 3629 1388 3684 volu-

306 3724 359 3777 isse
378 3722 457 3777 dicat.

413 3812 440 3880 2)
460 3810 545 3865 Goett.
565 3811 615 3879 gel.
634 3812 702 3864 Ana.
722 3809 800 3866 1881.
819 3826 845 3876 p.
865 3807 943 3864 1486.

412 3900 439 3969 3)
458 3899 508 3967 III,
528 3899 558 3952 9:
577 3892 684 3965 r'hd‘
671 3920 685 3951 ο
705 3892 857 3969 ἡγουμεαος,
876 3894 960 3966 ἤνπερ
977 3902 1022 3968 ὲχῃ
1041 3894 1191 3949 ὃυιιατον“
1177 3916 1268 3957 ιπιιον,
1287 3901 1318 3948 ἐν
1339 3896 1391 3963 τῷ

305 3980 441 4052 ἔξωθεν
426 3996 466 4041 αεὶ
484 3995 564 4053 στίχιο
582 3993 761 4059 πεοιφεόηται,
785 4005 863 4039 ουτος
888 3975 967 4040 αυτὸς
993 3988 1043 4053 μὲν
1066 3975 1106 4036 ἆει
1132 3982 1197 4049 rata)
1223 3982 1271 4049 ἐλοῖ
1288 3991 1334 4037 καὶ
1357 3985 1393 4037 οἱ

305 4078 354 4133 σὺν
371 4100 445 4145 auro)
434 4076 569 4137 ἔξωθεν
586 4072 722 4146 γινόμενοι
735 4062 871 4127 πάλιν
837 4096 870 4126 nv
893 4095 958 4138 ταχυ
950 4069 1118 4136 ιῖολαισια,ι
1102 4068 1172 4125 ὥστε
1189 4095 1227 4140 r,
1225 4076 1273 4124 αὲν
1290 4079 1350 4141 βοο
1344 4071 1391 4139 λὴ

304 4160 344 4221 αεὶ
361 4166 392 4221 τὸ
411 4190 476 4233 ταχυ
468 4162 636 4232 ελαυνομει
637 4185 670 4216 οι
662 4160 824 4225 θεάσεται,
844 4183 870 4214 οι
865 4161 947 4213 ‘6⁶¹⁰
934 4182 1012 4215 ιπποι
1029 4182 1077 4214 ουκ
1095 4152 1238 4230 απεροῦσιν
1255 4166 1286 4213 ἐν
1302 4167 1392 4233 μέρει

304 4250 509 4325 ἀναπαυόμενοι.
