2967 4917
782 406 824 467 24

263 594 523 679 expeditionibus
554 596 621 658 sive
649 594 934 658 exercitationibus
968 594 1175 675 equestribus
1210 596 1327 677 quinis,

261 703 307 764 ita
330 701 498 785 phylarchi
521 702 657 785 singulis
680 700 832 765 tribubus
854 698 1056 785 praeorante
1103 700 1193 775 Quos
1216 701 1327 783 Lysias

263 807 353 893 (XII,
372 806 439 891 144).
463 813 691 872 commemorat
713 808 906 891 phylarchos
931 802 1127 893 (φυλάρχους
1150 810 1237 871 enim
1258 826 1325 870 non

264 910 481 1001 φρουράρχους
511 914 684 996 legendum
712 916 793 996 erit),
826 915 874 977 illi
908 914 948 976 ad
983 915 1163 995 equitatum
1197 916 1325 977 omnino

262 1040 328 1083 non
364 1018 548 1103 spectante
596 1021 727 1085 Praeter
749 1022 940 1103 hipparchus
964 1026 995 1083 et
1017 1020 1209 1104 phylarchos
1231 1021 1327 1083 etiam

264 1127 451 1189 decadarchi
476 1132 572 1209 atque
599 1127 827 1210 pempadarchi
851 1146 869 1189 a
891 1126 1108 1209 Xenophonte
1137 1146 1327 1189 commemo-

263 1230 416 1315 rantur,3)
442 1254 522 1316 quos
547 1235 586 1297 de
610 1254 669 1297 suo
693 1233 825 1296 arbitrio
849 1252 890 1295 ex
914 1232 1078 1315 equitibus
1102 1234 1219 1315 eligere
1246 1233 1327 1315 phy-

262 1338 379 1403 larchis
402 1340 527 1421 licebat,
562 1360 625 1422 qua
660 1346 768 1403 tamen
794 1342 830 1401 in
853 1359 897 1420 re,
931 1344 1045 1402 utrum
1079 1358 1115 1402 re
1138 1358 1213 1402 vera
1236 1339 1328 1402 electi

264 1447 337 1526 sint,
366 1466 407 1509 an
431 1451 469 1509 ut
492 1447 696 1530 eligerentur,
729 1447 941 1529 postulaverit
975 1450 1102 1508 tantum
1136 1445 1328 1528 Xenophon,

266 1551 441 1615 diiudicare
464 1572 531 1615 non
554 1572 737 1635 possumus.

371 1657 433 1733 Qu
456 1660 595 1741 eligendi
619 1664 709 1722 erant
732 1660 870 1741 equites.
887 1678 1001 1722 eorum
1023 1661 1156 1722 nomina
1178 1659 1260 1722 albis
1283 1664 1329 1721 ta-

262 1764 347 1828 bulis
369 1765 628 1829 inscribebantur
652 1770 683 1827 et
705 1764 835 1849 publice
857 1764 1127 1847 proponebantur.
1175 1764 1265 1841 Quae
1283 1771 1329 1828 ta·

263 1870 359 1934 bulas
383 1867 513 1949 σανίδες
537 1874 604 1935 sive
628 1867 762 1935 σανίδια
786 1870 1037 1954 appellabantur,
1061 1879 1092 1933 et
1117 1873 1203 1953 quod
1221 1872 1328 1951 Hesy-

263 1978 357 2041 chius
392 1998 416 2041 ε.
452 1999 481 2042 V.
521 1974 620 2055 σανίς·
656 1973 814 2060 λεύκωμα,
853 1979 970 2060 inquit,
1003 1973 1037 2041 ἐν
1070 1965 1097 2062 ᾦ
1131 1974 1166 2041 αῖ
1203 1975 1327 2066 γραφαὶ

253 2074 435 2171 Ἀθήνησιν
457 2080 636 2171 ἐγράφοντο
660 2078 746 2168 πρὸς
768 2079 842 2160 τούς
864 2079 1057 2169 κακούργους
1079 2108 1107 2147 κ.
1132 2108 1159 2148 τ.
1183 2084 1221 2163 l,
1249 2085 1330 2147 hacc

262 2208 330 2251 non
353 2208 393 2253 ex
419 2192 506 2253 omni
529 2196 619 2274 parte
648 2193 693 2253 ita
726 2210 761 2253 se
792 2190 911 2253 habere
944 2191 1024 2252 mihi
1057 2191 1219 2270 videntur,
1252 2211 1330 2253 nam

264 2297 360 2359 otiam
384 2298 600 2379 trigintaviros
624 2296 753 2360 tabulas
776 2297 854 2359 tales
879 2297 1060 2377 collocasse,
1089 2297 1211 2379 quihus
1240 2299 1331 2379 equi-

261 2406 334 2465 tum
369 2405 501 2466 nomina
533 2405 686 2486 inscripta
722 2410 840 2483 essent,
874 2402 988 2483 Lysias
1017 2400 1142 2484 docet,4)
1177 2404 1331 2485 idemque

264 2510 400 2573 Athenis
425 2510 555 2574 solitum
572 2529 642 2574 esse
658 2510 736 2590 fieri,
760 2514 869 2572 nostro
885 2510 958 2572 iure
973 2510 1123 2591 colligare
1143 2512 1332 2591 poterimus,

265 2635 338 2679 oum
363 2618 460 2679 etiarn
476 2616 648 2697 Syracusis
672 2617 805 2678 uomina
827 2616 966 2677 militum
983 2616 1227 2698 deligendorum
1242 2616 1332 2681 hisce

263 2722 567 2809 tabulisinsoripta
591 2741 669 2802 esse,
692 2722 845 2785 traditum
869 2718 944 2801 sits)
990 2721 1030 2783 ln
1062 2723 1141 2805 ipsis
1173 2722 1332 2802 eligendis

264 2829 428 2911 equitibus
453 2830 613 2912 quomodo
630 2830 750 2893 versati
768 2829 833 2891 sint
847 2828 1021 2911 hipparchi,
1037 2827 1218 2911 Xenophon
1235 2827 1333 2912 (Hip

264 2936 370 3019 purch.
394 2935 419 3017 I,
445 2934 476 3021 9)
502 2936 607 2999 docet:
653 2929 734 3011 Τοὺς
760 2932 820 3015 μὲν
843 2930 950 2998 τοίνυν
987 2929 1114 3011 ἱππέας
1152 2915 1252 3021 δῆλονΙ
1278 2927 1333 2999 ὅτι

264 3037 470 3105 καθιστάναι
504 3042 555 3105 δεῖ
584 3036 669 3106 κατὰ
700 3036 757 3104 τὸν
780 3036 878 3122 νόμον
910 3036 983 3117 τούς
1006 3037 1251 3117 δυνατωτάτους
1273 3039 1333 3104 καὶ

263 3143 408 3235 χρήμασι
445 3144 502 3211 καὶ
536 3144 695 3230 σώμασιν,
724 3140 940 3234 ᾓὲισάχοντα
974 3142 1022 3223 εἰς
1061 3142 1273 3235 δικαστήριον
1311 3141 1333 3235 ἢ

371 3338 397 3408 1)
416 3339 486 3392 Vide
496 3355 575 3407 supra
585 3356 609 3407 p.
618 3339 652 3391 22
662 3341 825 3408 notiatqne
830 3339 948 3395 Pollucis
960 3339 1058 3407 locum,
1070 3356 1150 3407 quem
1163 3338 1241 3393 attuli
1255 3356 1279 3407 p.
1287 3341 1333 3395 23.

372 3428 399 3498 2)
418 3428 496 3496 Vide,
515 3428 716 3482 Rauchenstein
733 3429 768 3481 ad
785 3428 813 3481 h.
832 3428 850 3484 l.
869 3432 939 3496 etp.
958 3429 1010 3483 255
1029 3429 1070 3482 ed.
1087 3428 1152 3495 Lys,

371 3519 398 3586 3)
416 3517 563 3585 Hipparch.
586 3516 622 3583 H,
646 3518 671 3571 2.
713 3514 860 3570 τούτωνδ’
881 3514 934 3589 ἐγώ
956 3539 1022 3587 φημι
1041 3517 1135 3587 χρῆναι
1153 3516 1332 3587 πρῶτονμὲν

264 3604 434 3678 δεκαδάρχους
451 3605 501 3659 σύν
518 3606 554 3678 τῇ
570 3606 628 3659 τῶν
645 3603 784 3677 φυλάρχων
801 3603 894 3677 γνώμῃ
913 3605 1077 3672 καταστῆσαι
1088 3613 1117 3657 ὲκ
1128 3606 1185 3658 ταῖν
1198 3596 1332 3673 ἀκμαζόν-

263 3716 321 3749 των
332 3718 362 3749 τε
374 3702 416 3748 καὶ
427 3693 655 3766 φιλοτιμουμένων
673 3692 753 3747 auida
764 3716 791 3748 τι
808 3702 896 3748 ποιεῖν
913 3702 956 3747 καὶ
968 3685 1080 3752 ἀκούειν.
1098 3700 1141 3746 καὶ
1152 3690 1264 3749 τούτους
1280 3698 1332 3762 μὲν

263 3784 415 3856 προστάτας
432 3785 475 3839 δεῖ
490 3784 565 3836 εἶναι.
584 3782 660 3849 IV,9
679 3776 787 3853 άχαθδι·
806 3772 855 3836 οὖν
869 3790 911 3835 καὶ
928 3782 993 3853 πρὸς
1005 3783 1047 3850 τρῖ
1065 3780 1110 3835 διά
1131 3781 1332 3853 παραχχεῖοεως

263 3871 363 3944 ἐξάγειν
386 3873 417 3927 τὸ
436 3868 607 3942 δεκαδάρχους
624 3871 787 3923 καθίσταναι
811 3878 854 3923 καὶ
872 3877 928 3926 τοῖς
946 3868 1110 3943 δεκαδάρχοις
1127 3867 1332 3940 πεμπαδάρχους

263 3961 295 4015 ἶν’
315 3955 350 4017 ως
367 3960 508 4027 ἐλαχίστοις
526 3966 635 4014 ἕκαστος
652 3957 826 4030 παραχγεδλῃ.

370 4050 399 4120 4)
418 4049 493 4115 XVl,
513 4050 538 4104 6.
574 4053 665 4102 ἔπειτα
682 4044 712 4099 δὲ
729 4052 758 4099 ἐκ
774 4047 825 4100 τοῦ
842 4046 960 4100 σανιδίου
984 4045 1047 4103 τους
1070 4045 1248 4104 ἱππεύσαντας
1265 4069 1330 4101 σκο-

262 4145 324 4194 πεῖν
340 4130 436 4206 siqua
453 4144 532 4191 ἐστιν.
552 4159 575 4189 κ.
593 4158 617 4191 τ.
638 4136 660 4191 λ.
700 4136 770 4189 Vide
790 4134 956 4205 Frohbcrgcr
974 4136 1023 4195 Ed,
1041 4136 1106 4205 Lys,
1124 4136 1173 4205 Ill,
1192 4154 1218 4205 p.
1232 4140 1257 4204 2,

369 4229 396 4297 5)
416 4226 487 4280 Plut.
505 4225 554 4280 vit.
572 4225 677 4279 Niciae.
696 4226 738 4279 14.
