2967 4917
624 435 663 498 11

104 621 247 705 ἱππέας,
279 617 420 700 ὁπλίτας
451 621 486 690 di
511 617 605 702 όσοτς
633 617 673 689 dv
696 622 794 712 ἐθέλῃ
820 645 877 705 τις,
913 627 988 703 ναῦς
1020 625 1055 692 δὲ
1083 634 1182 714 τριαἸ

102 729 234 812 κασίας,
259 723 315 812 οόχ
337 723 406 816 ἥξει
429 727 486 794 καὶ
511 727 670 818 δεήσεται,
698 727 782 814 μετὰ
806 728 930 797 τούτων
953 723 1186 819 ἀσφαλέστατ’

102 833 148 903 dv
172 831 344 928 ἡγούμενος
367 839 530 924 σταθῆναι.

200 945 289 1008 Huic
312 963 448 1008 numero
472 945 555 1008 alius
579 945 792 1028 opponendus
816 950 993 1028 est,·quem
1017 946 1179 1011 dederunt

103 1052 305 1128 Andocides,
340 1051 553 1134 Thucydides⁷
586 1050 712 1128 Suidas,
747 1053 803 1134 qui
825 1052 914 1115 millo
938 1052 1095 1117 ducentos
1119 1072 1178 1116 ex·
1243 1129 1248 1136 ,

104 1160 230 1222 stitisse
253 1159 377 1240 equites
400 1155 571 1243 tradunt‚¹)
608 1176 689 1241 quae
724 1163 830 1222 tamen
857 1162 1072 1242 repugnantia
1095 1161 1179 1224 mihi

104 1285 184 1328 cum
203 1264 396 1330 Schneidero
416 1272 513 1348 atque
530 1265 691 1328 Boechhio
707 1266 753 1327 ita
773 1284 791 1328 e
810 1265 915 1328 medio
938 1266 1080 1330 tollenda
1104 1269 1186 1330 esse

102 1372 246 1454 videtur,
281 1377 317 1435 ut
345 1373 475 1435 ducenti
504 1372 551 1434 illi
580 1372 736 1454 sagittarii
772 1378 935 1454 equestres
967 1373 1189 1456 intellegendi¹

105 1481 188 1559 sint,
223 1499 299 1541 nam
333 1480 402 1562 ipse
435 1477 639 1559 Thucydides
671 1478 763 1539 initio
800 1477 877 1541 belli
910 1478 1176 1562 Peloponnesiaci

104 1580 161 1666 ξὺν
187 1580 426 1665 ἱπποτοξόταις
449 1585 535 1648 mille
559 1584 714 1647 ducentos
738 1585 864 1667 equites
879 1584 980 1649 fuisse
995 1587 1176 1650 Athenien·

106 1712 160 1756 ses
184 1696 307 1774 narrat⁷
342 1711 423 1775 quos
453 1685 679 1771 ἱπποτοξότας
713 1693 928 1754 mercenarios
960 1691 1060 1756 fuisse
1088 1700 1177 1758 recte

104 1798 292 1862 Boechhius
314 1795 444 1884 putaq‘q
467 1818 543 1860 nam
567 1818 585 1860 a
608 1798 720 1860 ceteris
745 1797 909 1880 equitibus
929 1797 1175 1884 secernuntur3)

106 1911 139 1969 et
163 1906 247 1968 inter
271 1924 325 1968 eos
349 1923 471 1968 merere
495 1925 513 1966 a
537 1903 663 1967 civibus
679 1903 934 1968 Atheniensibus
958 1912 1052 1988 turpe
1075 1906 1174 1970 habe-

106 2008 244 2092 batur.4)
268 2047 312 2057 —
335 2010 424 2074 Mille
456 2011 556 2093 igitur
588 2011 712 2092 equites
736 2016 768 2073 et
790 2010 873 2074 bello
902 2011 1178 2094 Peloponnesiaco

106 2126 139 2184 et
163 2125 275 2203 postea
297 2137 404 2201 usque
428 2117 466 2180 ad
491 2115 719 2182 Demosthenis
744 2122 880 2180 aetatem
903 2118 1040 2181 Athenis
1063 2117 1177 2200 fuisse,

105 2247 164 2310 pro
188 2246 264 2290 vero
288 2224 406 2288 hahere
421 2226 608 2308 poterimus,
634 2245 831 2309 quamquam
848 2224 1091 2288 concedendum
1115 2230 1176 2306 est,

106 2354 173 2398 non
198 2333 336 2398 eundem
356 2351 482 2416 semper
498 2332 597 2396 fuisse
611 2351 720 2396 eorum
746 2351 929 2413 numerum,
953 2332 1039 2414 quod
1063 2337 1174 2414 aperte

107 2441 185 2504 dicit
209 2442 304 2504 etiam
328 2440 539 2503 Philochorus
564 2439 650 2522 apud
673 2437 876 2519 Hesychium
900 2439 930 2518 (l.
953 2439 994 2520 l),
1026 2435 1175 2525 διάφορα

106 2543 168 2634 γὰρ
191 2535 229 2634 ἦν
254 2541 387 2610 ἱππέων
411 2541 525 2634 πλήθη
548 2539 633 2610 κατὰ
657 2539 769 2631 χρόνον
781 2537 984 2632 Ἀθηναίοις.

199 2651 320 2728 Quodsi
343 2654 483 2736 equitem
516 2671 786 2736 unumquemque
817 2652 998 2715 drachmam
1029 2652 1176 2734 quotidie

107 2761 278 2843 accepisse,
309 2779 405 2842 supra
429 2779 446 2823 e
469 2761 563 2823 titulo
587 2760 787 2842 collegimus,
809 2761 975 2841 impensae
1006 2764 1185 2841 equestres·

106 2868 194 2931 mille
225 2867 395 2931 drachmae
427 2867 461 2929 in
498 2867 591 2947 diem,
626 2867 752 2930 circiter
784 2867 951 2948 sexaginta
983 2866 1102 2928 talenta
1136 2866 1185 2927 in>

106 2993 228 3038 annum
253 2959 370 3055 essent,
401 2973 434 3036 id
459 2973 545 3056 quod
568 2974 705 3035 nimium
729 2978 785 3053 est,
809 2992 884 3035 cum
906 2991 1008 3054 paene
1033 2971 1175 3054 quadra-

106 3083 196 3166 ginta
224 3080 342 3143 talenta
375 3085 601 3143 commemoret
623 3079 815 3164 Xenophon.
861 3078 969 3142 Etiam
996 3079 1030 3139 iu
1053 3079 1114 3141 hac
1137 3098 1175 3142 re

216 3292 242 3359 1)
260 3291 362 3349 Andoc,
388 3291 421 3343 de
446 3307 512 3358 paco
538 3293 567 3345 7:
589 3289 683 3358 χιλίοις
709 3313 736 3344 τε
765 3299 807 3343 καὶ
835 3289 981 3345 διακοσίους
1007 3291 1102 3345 laneus
1130 3298 1183 3342 καὶ·

107 3379 217 3442 τοξότας
241 3376 386 3434 τοσούτους
409 3381 514 3449 ἑτέρους
540 3378 743 3448 κατεστήσαμεν,
764 3410 796 3418 -
817 3381 891 3432 Thuc
918 3380 954 3445 IL
969 3381 1010 3445 13,
1030 3381 1059 3434 8:
1078 3381 1177 3435 ἱππέας

108 3461 259 3540 δ’όπέφαινε
282 3466 427 3522 διακοσίους
449 3475 491 3519 καὶ
512 3467 607 3533 χιλίους
638 3467 685 3528 §lv
706 3467 895 3529 ἱπποτοξόταις
925 3499 958 3508 -
983 3468 1081 3522 Suidas
1105 3485 1126 3523 s.
1147 3487 1174 3523 v.

108 3561 207 3612 ἱππεῖτι
227 3544 302 3610 οὗτοι
317 3554 346 3608 δὲ
362 3554 429 3624 μετὰ
449 3556 534 3609 caira
551 3556 598 3622 τῆς
615 3554 715 3610 πόλεως
731 3556 921 3623 πληθννοίσης
937 3563 1063 3627 ἐγένοντο
1081 3547 1176 3626 οὶποόο

109 3653 165 3701 τοῖς
181 3645 276 3711 χιλίοις.
295 3675 330 3684 -
348 3644 418 3697 Vidn
436 3644 564 3698 Aeschin.
583 3643 641 3698 fals.
661 3643 711 3712 leg.
735 3647 792 3700 174.

216 3733 243 3798 2)
262 3733 446 3788 Staatshaush.
467 3733 501 3802 12,
521 3751 581 3803 pag.
601 3734 661 3788 368.
1062 3789 1064 3791 ,

215 3823 242 3890 3)
261 3821 385 3891 Xenoph.
415 3823 526 3876 Memor.
549 3822 599 3890 III,
624 3823 649 3876 3.
674 3824 697 3876 1.
736 3814 768 3876 οό
787 3821 837 3894 γὰρ
855 3821 887 3890 δὴ
911 3822 961 3875 τοῦ
986 3823 1093 3892 πρῶτος
1116 3823 1177 3876 τῶν

110 3915 212 3967 ἱππίων
230 3908 330 3964 ἐλαόειν
343 3924 349 3936 ·
362 3919 403 3964 καὶ
421 3911 472 3984 γάρ
491 3912 517 3964 οἱ
533 3908 708 3972 ἱπποτοξόται
720 3908 820 3965 τοότου
831 3934 861 3984 γε
873 3903 1008 3972 ἀξιοῦνται
1021 3925 1027 3938 ·
1041 3909 1174 3981 προελαιὶ·

110 4020 185 4055 νοοσι
201 4000 269 4071 γοῦν
286 4007 328 4053 καὶ
345 4001 403 4054 cciv
420 3997 566 4070 ἱππάρχων.

215 4093 244 4144 ql
261 4089 324 4158 Lys.
344 4089 477 4143 Alcibiad.
496 4088 531 4155 Π,
550 4089 574 4141 6.
612 4088 671 4140 lviv
690 4088 718 4139 de
736 4087 843 4142 τούτων
862 4080 940 4142 σόδὲν
957 4095 1092 4154 ἐποίησαν,
1118 4079 1171 4140 αλλ’

110 4185 138 4232 ἐν
155 4182 203 4247 μὲν
222 4178 262 4244 τῷ
274 4175 447 4247 στρατοπέδῳ
460 4174 610 4247 περιεώρων
623 4169 706 4230 αὐτόν
723 4169 776 4230 tirio
789 4176 902 4231 πάντων
913 4174 1178 4248 προπηλακιζόαονον

109 4266 157 4322 κόν
175 4273 232 4322 τοῖς
250 4263 437 4327 ἱπποτοξόταις
455 4263 611 4322 ἱππεύοντα.
