2967 4917
793 368 814 427 4

273 554 399 637 spuria
414 552 511 617 habet
545 554 648 618 verba*
673 548 727 620 ὅτι·
753 551 811 619 καὶ
835 545 885 633 οἷς
911 552 1094 645 καθίστησι
1127 551 1165 621 τὸ
1193 551 1341 622 ἱππικὸν

273 649 425 726 ἑθέλοεῖσι
449 660 552 725 τελεῖν
575 652 724 747 ἀργύριον
748 654 792 738 ὡς
813 656 859 749 μὴ
879 657 1033 727 ἱππεύειν
1047 669 1080 727 et
1097 661 1339 752 ,παρέμβλημα

275 769 354 849 eius,
379 768 437 850 qui
464 767 503 830 de
538 786 596 831 suo
630 768 835 851 interpretari
868 774 900 833 et
934 769 1128 853 amplificare
1162 771 1258 834 vellet
1291 791 1340 852 ea,

275 893 359 957 quae
382 872 566 956 Xenophon
590 878 674 937 recte
699 877 730 936 et
747 892 807 937 suo
823 876 984 957 proposito
1000 877 1232 941 convenienter
1247 877 1340 940 dixe-

94 968 95 972 ¹
189 1057 190 1061 Ἰ
274 981 355 1043 rat.“'
399 978 494 1043 Hanc
517 979 612 1043 Bahii
635 982 947 1063 argumentationem
970 981 1128 1046 Ruehlius
1156 983 1207 1046 his
1232 982 1341 1047 verbis

274 1084 465 1172 probavitzl)
497 1086 586 1167 ,Ich
609 1085 694 1149 halte
718 1105 753 1149 es
776 1086 859 1149 nach
883 1087 965 1169 dem,
988 1108 1055 1151 was
1079 1090 1138 1151 wir
1161 1095 1252 1153 sonst
1274 1108 1338 1152 ron

276 1196 333 1258 der
366 1194 574 1275 athenischen
597 1190 798 1276 Verfassung
831 1194 958 1275 nissen,
993 1193 1112 1258 ebenso
1146 1198 1207 1259 wie
1242 1195 1341 1277 Bake,

274 1298 333 1388 fiir
351 1299 552 1382 unmoglich,
574 1318 671 1363 wenn
695 1299 784 1361 nicht
805 1319 887 1383 ganz
905 1300 1097 1383 schlagende
1111 1301 1257 1365 Beweise
1273 1301 1340 1365 bei-

275 1406 427 1491 gebracht
448 1405 578 1469 werden
601 1404 740 1487 konnen,
775 1426 818 1469 an
840 1408 913 1471 eine
936 1406 1204 1491 Stellvertretung
1226 1409 1261 1469 in
1284 1408 1343 1471 der

276 1513 482 1576 athenischen
506 1512 625 1575 Armee
657 1511 733 1575 oder
767 1532 811 1575 an
845 1512 897 1575 die
921 1514 1111 1596 gesetnliche
1134 1512 1341 1597 thhchlreit

276 1621 364 1683 eines
394 1617 552 1681 Loskaufs
582 1637 657 1680 vom
688 1616 932 1701 Kriegsdienste
965 1640 1008 1682 nu
1031 1619 1184 1683 denhen.“
1230 1620 1344 1701 Atque

265 1726 364 1810 ,quod
388 1724 549 1807 Sauppius
571 1722 740 1808 protuht,2)
764 1723 922 1789 Ruehlius
945 1726 1070 1806 refellit,
1092 1724 1343 1808 Xenophontem

277 1835 337 1896 hoc
368 1832 438 1894 loco
461 1831 494 1893 id
521 1832 734 1914 proposuisse,
767 1831 855 1913 quod
889 1832 957 1914 ipse
992 1836 1135 1895 narraret
1167 1828 1268 1911 alibi3)
1303 1832 1346 1894 de

277 1939 438 2023 Agesilao,
461 1937 516 2000 ille
545 1938 632 1999 enim
660 1938 705 2000 eis
730 1936 769 1999 ab
794 1938 940 2020 equitatu
962 1957 1077 2001 vacare
1099 1938 1252 2020 permisit,
1287 1940 1346 2019 qui

276 2046 339 2129 ipsi
363 2049 393 2107 et
415 2044 520 2105 virum
546 2048 577 2107 et
600 2049 789 2125 aquomst
824 2063 913 2107 arma
939 2044 1137 2127 praeberent.
1187 2044 1250 2108 Sed
1278 2064 1347 2107 una

277 2152 357 2214 mihi
384 2152 418 2212 in
444 2148 576 2213 Ruehlii
594 2146 844 2213 'ratiocinatione
871 2153 1084 2234 repugnantia
1112 2170 1181 2214 esse
1204 2150 1345 2230 ridetur,

278 2277 352 2321 cum
376 2256 463 2320 enim
485 2258 622 2321 vicarios
646 2261 678 2319 et
700 2257 879 2320 redimendi
900 2257 1085 2321 facultatem
1107 2258 1142 2319 in
1165 2257 1344 2320 Athenien-

279 2361 364 2429 sium
387 2363 578 2427 muneribus
601 2364 701 2426 fuisse
725 2364 856 2426 omnino
881 2369 984 2447 neget,
1008 2368 1092 2427 recte
1112 2369 1221 2427 tamen
1240 2362 1344 2445 Saup-

277 2472 366 2555 pium
390 2471 452 2533 tria
474 2470 673 2552 locupletum
695 2488 815 2552 genera
847 2471 883 2531 in
915 2471 975 2533 hoc
1005 2470 1076 2532 loco
1107 2468 1344 2552 Xenophonteo

278 2578 442 2640 invenisse
466 2579 565 2660 putat,
588 2577 728 2658 primum
753 2578 811 2659 qui
834 2595 966 2659 corpore
981 2576 1119 2657 valeant,
1143 2595 1344 2658 aequavero

278 2684 414 2747 mffitare
438 2684 546 2764 velint,
570 2682 685 2745 deinde
705 2684 762 2765 qui
785 2682 882 2746 rebus
905 2701 1011 2764 neque
1034 2702 1110 2746 vero
1134 2682 1265 2764 corpore
1288 2702 1347 2743 va-

279 2792 375 2871 leant,
414 2790 553 2871 denique
594 2777 763 2872 pupillos,
793 2808 934 2871 eumque
968 2793 1135 2872 propterea
1173 2784 1230 2855 καὶ
1271 2767 1347 2851 ante

280 2890 372 2983 παρὰ
396 2891 564 2960 πλον-σίων
585 2897 770 2959 inseruisse.
829 2895 977 2959 Primum
1010 2896 1099 2977 illud,
1135 2896 1221 2979 quod
1244 2894 1345 2977 Saup-

279 3005 353 3088 pius
377 3004 702 3086 sumit,'locupletum
726 3022 830 3084 genus
854 3004 985 3065 omnino
1006 3003 1070 3065 huc
1094 3020 1161 3064 nou
1175 3001 1346 3084 pertinere,

280 3110 473 3174 contendere
495 3129 588 3192 posse
611 3110 690 3172 mihi
713 3108 834 3173 videor.
890 3108 974 3172 Nam
1007 3110 1035 3171 si
1058 3108 1256 3186 conceditur,
1290 3108 1348 3185 eis,

281 3218 338 3300 qui
361 3216 547 3299 corporibus
570 3216 700 3279 valeant
722 3234 830 3297 neque
854 3234 930 3277 vero
961 3216 1085 3297 equites
1119 3214 1278 3296 stipendia
1300 3213 1345 3274 fa-

280 3344 352 3388 cere
367 3325 477 3405 velint,
498 3323 670 3406 pecuniam
694 3321 818 3383 solvere
841 3340 898 3403 pro
922 3321 1097 3403 equitando
1120 3321 1225 3400 licere,
1248 3320 1346 3381 etiam

280 3433 339 3495 hoc
363 3450 429 3493 non
452 3429 585 3493 concedi
607 3447 673 3491 non
696 3431 809 3510 potest,
832 3427 1012 3490 redimendi
1035 3426 1218 3490 facultatem
1234 3427 1270 3487 iu
1286 3426 1348 3487 hoc

281 3538 412 3621 quidem
435 3554 607 3599 munerum
631 3552 750 3617 genere
772 3534 911 3597 Athenis
935 3534 1106 3614 exstitisse,
1134 3532 1221 3615 quod
1243 3533 1288 3593 ita
1312 3551 1348 3595 se

280 3643 397 3707 habore
420 3642 577 3706 Ruehlius
607 3642 745 3724 negavit.
793 3639 931 3703 Omissis
965 3640 1072 3705 verbis
1106 3639 1183 3701 inde
1218 3637 1257 3700 ab
1294 3630 1346 3701 ὅτι

282 3750 444 3833 usquead
471 3743 634 3829 ἱππεύειν,
667 3751 770 3810 totum
803 3766 861 3831 ego
884 3747 991 3810 locum
1014 3748 1059 3810 ita
1082 3745 1246 3828 intellego:
1286 3742 1348 3806 Pe

280 3858 379 3921 cunia
402 3853 609 3940 praebebitur
632 3853 670 3917 ab
694 3854 743 3936 iis,
779 3855 837 3937 qui
869 3873 1000 3937 prorsus
1033 3852 1208 3936 equitando
1233 3870 1267 3915 se
1291 3850 1348 3913 ab·

387 4014 416 4082 1)
436 4012 565 4065 Zeitschr.
586 4012 603 4069 f,
623 4012 647 4066 d.
668 4012 746 4066 cestr.
767 4012 864 4081 Gymn.
883 4014 961 4080 1880,
980 4029 1006 4080 p.
1024 4012 1086 4066 410.

386 4101 413 4171 2)
432 4101 588 4170 Philologus
606 4100 667 4169 XV,
688 4118 712 4169 p.
734 4102 776 4155 76.

386 4190 414 4261 3)
432 4190 503 4246 Hell.
522 4190 571 4259 ΠΙ,
589 4194 615 4259 4,
635 4191 676 4248 15.
715 4192 794 4259 Ages.
812 4190 836 4260 I,
854 4191 897 4247 23.
