2967 4917
595 430 636 493 29

95 620 209 701 quibus
232 619 316 682 infra
339 619 417 681 mihi
441 619 619 681 decendum
641 620 709 700 erit,
732 639 783 683 res
801 622 889 703 ipsae
904 622 989 685 clare
1005 620 1156 683 videntur

93 726 167 788 mihi
192 723 397 808 ostenderul)

196 831 243 896 De
269 838 406 913 utroque
436 831 660 915 probationum
687 852 804 915 genero
826 833 980 897 Koertius
1003 835 1037 896 iu
1060 834 1177 916 ephe?

30 944 31 949 ’
92 940 219 1003 meridis
243 938 500 1020 archaeologicao
515 938 680 1001 volumine
696 937 880 1001 XXXVIII
895 960 966 1023 pag.
988 941 1048 1001 111
1066 960 1153 1023 seqq.

90 1046 227 1128 amphus
251 1045 411 1109 disseruit.

194 1151 408 1239 ¹Singulorum
432 1152 577 1233 equItum
601 1170 826 1234 equorumque
856 1152 1060 1235 probationes
1089 1170 1155 1213 non

88 1278 187 1341 penes
210 1264 315 1321 totum
339 1263 497 1338 senatum,
533 1258 586 1321 sed
622 1276 720 1339 penes
756 1258 930 1321 nonnullos
953 1258 1089 1321 arbitros
1113 1277 1154 1321 er

15 1400 16 1403 =
88 1366 142 1427 illo
168 1365 285 1428 electos
309 1364 410 1428 fulsse
433 1363 585 1427 Koertius
610 1364 781 1444 contendit,
815 1364 903 1446 quod
938 1383 972 1427 re
995 1366 1065 1447 ipsa
1088 1383 1154 1427 non

85 1470 276 1534 incredibile
310 1475 367 1550 est,
403 1490 600 1553 quamquam
637 1475 722 1533 certo
758 1472 840 1533 scire
874 1490 939 1533 non
971 1490 1154 1553 possumne,

86 1582 197 1640 utrum
224 1577 335 1639 arbitri
357 1578 404 1639 illi
429 1577 467 1640 de
491 1597 551 1641 suo
575 1577 713 1656 arbitrio,
749 1578 806 1658 qui
835 1577 942 1639 idonei
966 1578 1031 1639 siut
1065 1579 1154 1659 equi-

84 1685 170 1746 tatui
188 1684 335 1747 homines
355 1689 451 1766 atque
468 1686 553 1767 equi,
577 1684 749 1747 decernere
764 1685 936 1767 potuerint,
960 1703 1000 1745 an
1024 1685 1052 1746 si
1076 1684 1154 1767 quid

84 1789 224 1852 dubium
244 1790 347 1871 fucrit,
371 1792 427 1853 toti
444 1791 570 1854 senatui
586 1790 851 1853 renuntiaverint.
898 1788 1046 1864 Quorum
1070 1789 1155 1852 arbi-

82 1902 211 1959 trorum
229 1902 372 1978 quantus
387 1897 484 1959 fuerit
505 1916 669 1977 numerus
693 1916 759 1958 non
784 1898 861 1959 satis
886 1896 1056 1980 disceptari
1071 1898 1154 1977 licet,

81 2023 161 2065 narn
186 2004 409 2089 ιριηροιιοιῶν
431 2005 635 2087 comparatio,
658 2004 714 2085 qui
738 2003 858 2085 singuli
881 2022 898 2065 e
919 2004 1058 2086 siugulis
1073 2004 1155 2086 phy-

78 2110 119 2172 hs
147 2107 377 2189 creabantrrr,2)
405 2111 445 2172 ad
469 2110 687 2174 definiendum
711 2128 887 2171 numerum
910 2109 990 2171 nihil
1014 2110 1152 2172 adiuvat.

77 2215 233 2279 Pateram
271 2216 434 2298 quandam
466 2235 564 2299 prope
599 2217 638 2278 ad
672 2216 834 2298 oppidum,
867 2218 920 2279 cui
953 2234 1071 2278 nomen
1106 2221 1155 2278 est

27 2312 29 2319 ’
78 2322 226 2401 Orvieto
257 2324 423 2385 Iuventam
446 2321 597 2386 Koertius
620 2324 640 2385 l.
663 2323 682 2384 l.
706 2319 889 2403 tractavit3)
923 2324 955 2384 in
981 2341 1046 2403 qua
1069 2340 1155 2404 quae

75 2448 239 2513 expressa
256 2436 332 2492 sunt
349 2430 388 2491 ad
406 2431 551 2512 orphitum
568 2430 739 2492 atticorum
765 2423 964 2510 δοκιμασίαν
987 2427 1154 2491 referenda

75 2555 153 2600 csse
188 2535 344 2618 probavit.
399 2533 472 2599 Duo
508 2537 594 2599 enlm
633 2533 783 2599 barbatos
825 2535 970 2599 homines
1003 2536 1154 2600 videmus

72 2647 211 2726 sceptra
234 2643 383 2721 ferentes,
418 2641 536 2724 quibus
564 2648 629 2705 tres
652 2645 788 2707 iuvenes
812 2661 914 2724 equos
937 2627 1154 2725 inspiciendos

71 2750 267 2812 admovent.
315 2747 472 2823 Quartum
509 2768 607 2831 quem
642 2750 791 2812 ridemus
825 2750 977 2811 iuvenem
1001 2748 1153 2811 baculum

67 2854 236 2918 manibus
260 2860 432 2935 tenentem,
464 2855 672 2938 hipparchum
699 2874 778 2936 esse,
810 2854 962 2918 Koertius
995 2856 1152 2937 opinatur,

67 2980 193 3046 neque
217 2961 298 3044 quid
320 2963 349 3025 ei
374 2981 531 3045 opponam
555 2962 664 3024 habeo.
713 2959 805 3037 Quod
823 2960 987 3025 Gilbertus
1002 2944 1152 3025 barbatos

64 3071 148 3133 illos
179 3068 327 3132 homines
350 3068 550 3151 hipparchos
571 3070 724 3132 iuvenem
748 3068 961 3151 phrlarohum
985 3067 1085 3131 fuisse
1101 3089 1153 3131 ar-

64 3172 258 3258 bitratur‚4)
284 3176 343 3238 hoc
366 3177 396 3239 ei
419 3178 465 3239 roi
489 3175 697 3239 tribuendum
714 3182 771 3256 est,
794 3175 880 3257 quod
897 3192 998 3256 equos
1016 3173 1152 3257 probare

192 3369 219 3438 1)
238 3368 398 3438 Magnopore
426 3368 515 3435 miror,
542 3370 613 3436 quod
641 3370 721 3423 etlam
740 3369 948 3437 Frohborgerua
977 3367 1024 3435 qui
1050 3366 1149 3433 optimo

60 3477 107 3513 res
132 3459 178 3513 ad
197 3456 346 3511 Alcibiadis
365 3458 563 3511 accusationem
582 3460 733 3523 spectantes
752 3457 883 3512 onarurit.
904 3456 1038 3526 dupIIoem
1059 3458 1151 3508 tamon

57 3546 239 3619 ὁόκιμασιίιιι
256 3563 309 3599 non
329 3547 498 3615 cogitandam
523 3562 582 3599 esse
600 3548 677 3613 putat
704 3546 764 3613 (Ed.
783 3529 846 3613 Lys.
865 3546 892 3597 Π
912 3562 970 3613 pag.
989 3546 1005 3599 5
1024 3546 1077 3598 not.
1096 3544 1150 3611 59).

191 3636 220 3701 2)
239 3634 366 3690 Aeschin.
385 3636 501 3703 ctesiph,
523 3636 566 3689 30.
602 3634 684 3686 τοῦτο
703 3631 731 3684 δὲ
750 3641 872 3705 γίγνεται,
892 3630 966 3694 ὅταν,
987 3630 1076 3702 ὥσπερ
1093 3632 1149 3692 νῦν,

53 3724 217 3789 ἐπιταχθῇ
244 3745 269 3776 τι
286 3730 345 3779 ταῖς
372 3724 469 3795 φυλαῖςἶ
499 3722 513 3790 ἢ
532 3721 648 3794 τάφροις
674 3720 860 3791 ἐξεργάζεσθαι
882 3721 899 3789 ἢ
917 3720 1029 3792 τριήρεις
1045 3742 1150 3786 ναυπη-

54 3818 198 3886 γεῖσθαι,
237 3813 307 3867 Vide
325 3813 443 3868 Booclrh.
461 3812 647 3866 Staatshaush.
665 3812 679 3863 I
697 3828 721 3879 p.
741 3812 802 3866 351.
822 3843 856 3851 -
874 3809 971 3863 Koerte
989 3810 1007 3864 l.
1026 3810 1044 3865 l.

189 3906 219 3971 3)
239 3902 413 3971 Negligenter
431 3903 530 3957 factam
549 3916 607 3954 esse
634 3900 780 3968 imaginem
802 3898 876 3953 illius
894 3901 1001 3967 paterae
1020 3900 1046 3951 et
1062 3898 1149 3951 homi-

52 4016 130 4052 num
158 4007 352 4061 equorumque
371 4008 480 4059 corpora
500 3992 597 4044 docent
616 3992 642 4043 ct
661 4005 791 4057 equorum
804 3989 934 4054 incessus
954 4004 1034 4056 quem
1046 3990 1150 4055 germa-

50 4090 123 4143 nice
150 4082 265 4154 „Pass“
285 4080 408 4151 dicimus,
428 4097 480 4149 quo
493 4081 525 4134 do
540 4080 647 4133 incessu
659 4077 734 4132 vide:
754 4077 906 4145 Suhlieben,
926 4078 976 4131 Die
989 4076 1085 4131 Plerdc
1103 4077 1151 4129 des

49 4174 260 4232 Alterthums,
278 4186 303 4237 p.
323 4170 383 4225 1811.
403 4200 437 4208 -
458 4169 557 4222 Koerte
574 4168 592 4223 l.
611 4167 629 4223 l.

187 4261 216 4329 4)
236 4258 342 4313 Handb.
362 4259 387 4311 d.
407 4258 507 4327 gdech.
526 4254 719 4314 Staatsalterth.
743 4256 757 4309 I
776 4272 802 4323 p.
822 4256 882 4310 307.
