2967 4917
664 430 703 491 17

147 620 242 697 esset,
261 614 474 679 Mantitheum
491 636 556 680 non
577 618 718 699 equitem
740 618 850 700 fuisse,
873 619 901 680 si
924 618 1022 682 verba
1044 619 1099 681 ille
1120 611 1213 682 resti-

147 719 312 785 tueremus
337 712 409 786 eine
432 719 637 787 κατάστασιν
660 719 905 809 ιῑαραλαβόνσα.

253 826 287 890 Si
323 832 518 910 quaerimus,
554 830 632 912 quid
667 831 708 892 sit
741 831 797 892 illa
834 825 1052 910 κατάστασις,
1096 832 1157 893 hoo
1195 851 1214 894 e

146 933 263 1014 Lysiae
296 934 367 997 loeo
398 936 547 1019 colligere
574 937 760 1019 poterimus,
794 937 963 1019 pecuniam
996 936 1084 1000 illam
1111 937 1213 1001 fuisse
1264 934 1270 944 ’

146 1040 312 1123 equitibus
336 1060 355 1103 a
379 1041 567 1124 republica
598 1041 714 1123 datam,
746 1061 811 1124 qua
835 1060 870 1106 se
893 1044 1090 1106 instruerent
1113 1048 1212 1127 atque

147 1152 350 1227 exornarent,
373 1154 543 1229 postquam
560 1147 674 1210 deiecti
698 1153 730 1211 et
744 1150 780 1211 in
799 1149 942 1212 ordinem
959 1150 1079 1213 redacti
1094 1158 1211 1232 essent,

146 1257 200 1318 oui
224 1257 269 1317 rei
292 1248 497 1319 καθιστάναι
514 1271 631 1316 nomen
649 1272 729 1334 esse,
748 1274 766 1317 e
784 1253 999 1337 Xenophonte
1018 1255 1211 1340 discimusl)

144 1361 255 1442 Atque
278 1363 348 1443 ipsa
370 1354 576 1436 κατάστασις
605 1362 639 1422 in
670 1360 776 1423 lexico
799 1361 995 1445 Segueriano
1026 1362 1072 1423 ita
1101 1361 1213 1425 defini·

144 1464 242 1551 tur:2)
266 1459 286 1554 ἡ
309 1458 375 1531 ὑπὸ
399 1468 456 1554 τῆς
477 1466 594 1551 βουλῆς
616 1468 682 1530 τῶν
699 1464 834 1531 ἱππέων
849 1463 1030 1549 δοκιμασία
1045 1463 1213 1531 κατάστα-

144 1593 198 1648 σις
220 1570 352 1657 ἐλέγετο.
400 1571 502 1647 Quam
529 1569 727 1655 δοκιμασίαν
758 1593 824 1636 non
857 1574 992 1637 eandem
1020 1593 1091 1638 esse
1115 1579 1213 1656 atque

142 1678 242 1760 illam,
274 1700 373 1761 quom
407 1678 588 1761 Xenophon
623 1679 807 1763 (Hipparoh.
831 1679 890 1761 III,
916 1679 950 1762 9)
975 1686 1214 1761 commemorat,

142 1784 206 1847 alio
230 1784 298 1847 loco
322 1787 401 1848 mihi
425 1788 458 1849 in
483 1786 625 1849 medium
649 1786 876 1869 proferendum
900 1788 968 1849 erit
994 1816 1035 1831 -ε
1060 1785 1212 1849 Reiskius

142 1893 315 1974 pecuniam
339 1892 428 1955 illam
451 1898 547 1973 reete,
579 1897 616 1955 ut
639 1893 718 1954 mihi
747 1892 886 1973 videtur,
918 1893 963 1955 ita
984 1894 1213 1976 interpretante
1276 1945 1280 1948 .

141 1993 237 2081 est:3)
283 1996 508 2076 „noeriorum
541 1999 799 2079 manupretium,
843 1999 929 2081 quod
966 2000 1062 2061 militi
1099 2017 1212 2082 reeens

141 2103 260 2167 allecto
285 2104 381 2167 detur
404 2106 442 2168 ad
467 2104 719 2187 comparandum
742 2105 899 2167 nonnulla
927 2105 1124 2188 expeditioni
1156 2124 1212 2169 ne·

141 2212 309 2273 cessaria.“
356 2210 448 2286 Quod
471 2208 678 2294 Laroherus4)
714 2215 811 2293 atque
842 2210 1025 2274 Boeokhius
1047 2212 1083 2273 in
1106 2212 1211 2294 priore

140 2314 312 2397 editione5)
337 2318 472 2381 eandem
496 2337 567 2381 esse
590 2318 677 2379 illam
702 2319 872 2399 pecuniam
897 2322 994 2399 atque
1016 2336 1097 2398 eam,
1128 2337 1212 2399 quae

140 2421 218 2484 alibi
242 2426 334 2500 σῖτος
357 2424 545 2507 appellatur,
568 2423 711 2485 arbitrati
728 2427 812 2505 sunt,
835 2422 986 2487 Laroheri
1003 2424 1211 2505 disputationi

140 2530 274 2591 omnino
299 2531 433 2593 multam
457 2530 552 2593 iidem
577 2550 642 2593 non
666 2530 881 2594 adhibendam
898 2549 977 2611 esse,
1001 2529 1210 2592 Hermannus

141 2635 292 2716 ostendit,
328 2641 424 2719 atque
448 2636 632 2701 Boeokhius
666 2639 700 2699 in
736 2638 837 2701 altera
871 2637 1019 2717 editione,
1048 2654 1083 2699 se
1117 2640 1211 2699 antea

139 2760 274 2822 errasse,
309 2743 378 2825 ipse
402 2740 609 2825 confitetur.⁶)
655 2742 753 2806 Recte
775 2744 862 2806 enim
885 2742 1103 2822 Hermannus,
1135 2742 1210 2804 nul-

138 2849 205 2910 lam
230 2867 361 2911 oausam
385 2868 466 2931 esse,
489 2847 571 2935 ait,⁷)
594 2868 652 2911 our
668 2848 707 2911 ab
725 2850 925 2912 auoooritate
939 2853 1085 2911 veterum
1103 2867 1208 2931 grom-

137 2956 332 3017 matieorum
357 2955 569 3036 discedamus,
593 2972 675 3037 quae
699 2958 730 3017 et
754 2955 945 3017 testimoniis
968 2959 1000 3017 et
1021 2955 1093 3036 ipsa
1113 2971 1208 3016 voea-

136 3060 210 3123 buli
234 3063 358 3144 origine
381 3057 622 3137 confirmetur.⁸)

231 3167 344 3231 Altera
367 3170 514 3251 quaestio
538 3172 594 3248 est,
618 3171 728 3229 utrum
751 3158 957 3243 κατάστασις
980 3185 1078 3248 quam
1097 3165 1210 3228 dieunt

138 3291 268 3356 semper
291 3273 411 3337 tributa
440 3276 481 3337 sit
509 3273 673 3357 equitibus
702 3293 745 3336 an
768 3276 893 3335 tantum
915 3272 1126 3355 trigintaviris
1149 3272 1210 3333 im-

248 3537 275 3603 1)
294 3536 442 3605 Hipparch.
465 3538 487 3606 I,
507 3540 530 3593 9.
580 3536 642 3592 τούς
667 3541 717 3606 μὲν
746 3542 838 3588 τοίνυν
865 3535 959 3589 ἱππέας
985 3533 1066 3601 δῆλον
1092 3529 1136 3586 ὅτι
1158 3554 1207 3584 xa-

138 3620 270 3677 θιστάναι
288 3623 330 3677 δεῖ
342 3624 409 3679 κατὰ
427 3625 476 3680 τὸν
494 3624 585 3695 νόμον.
668 3649 682 3681 .·

247 3714 274 3781 2)
292 3713 410 3768 Bekker:
430 3714 530 3768 Anecd.
549 3728 635 3783 graec.
653 3712 674 3779 I,
693 3728 718 3780 p.
738 3712 798 3765 270.

246 3802 274 3871 3)
292 3800 336 3855 Or.
355 3819 440 3871 green.
460 3802 506 3871 VI,
525 3819 551 3871 p.
570 3802 632 3857 831.

247 3891 275 3958 4)
294 3889 438 3945 Memoires
457 3893 490 3945 de
505 3891 608 3947 l'Aoad.
628 3890 675 3943 des
693 3889 775 3943 insor.
794 3887 921 3955 XLVIII,
939 3904 965 3955 p.
984 3888 1028 3941 92.

246 3980 274 4047 5)
293 3979 345 4034 vol.
364 3980 386 4047 I,
404 3996 430 4049 p.
449 3982 510 4035 269.

247 4068 274 4138 6)
293 4067 342 4125 voh
362 4069 384 4136 I,
403 4086 429 4137 p.
448 4070 508 4123 354.

249 4155 276 4225 7)
294 4155 335 4209 De
354 4157 436 4226 equIt.
455 4160 501 4211 att.
522 4176 547 4226 p.
565 4158 609 4211 32.
969 4184 972 4187 ’

246 4244 275 4313 8)
294 4244 364 4299 Vide
383 4245 509 4300 Scheibe:
528 4246 579 4299 Die
598 4243 726 4313 ohgaroh.
744 4243 924 4314 Umwtlrung
942 4259 977 4297 zu
989 4240 1080 4297 Athen
1098 4258 1124 4311 p.
1143 4239 1205 4297 145.

986 4346 1004 4398 2
